SymbolId,CurrentTime,Index,Bid,BidSize,Ask,AskSize,BidCondition,AskCondition,BidExchange,AskExchange
AMCR,20250717 07:00:23.059000,0,9.39,10,9.52,1,REGULAR,REGULAR,PACF,10305
AMCR,20250717 07:00:23.059000,0,9.39,10,9.52,1,REGULAR,REGULAR,PACF,10305
AMCR,20250717 07:00:23.064000,0,9.39,10,9.51,8,REGULAR,REGULAR,PACF,10247
AMCR,20250717 07:00:40.169000,0,9.39,10,9.51,10,REGULAR,REGULAR,PACF,10247
AMCR,20250717 07:00:40.169000,0,9.39,10,9.51,10,REGULAR,REGULAR,PACF,10247
AMCR,20250717 07:00:40.169000,0,9.39,10,9.51,10,REGULAR,REGULAR,PACF,10247
AMCR,20250717 07:00:40.177000,0,9.39,10,9.51,10,REGULAR,REGULAR,PACF,10247
AMCR,20250717 07:20:47.562000,0,9.39,5,9.48,5,REGULAR,REGULAR,NQEX,10241
AMCR,20250717 07:32:06.699000,0,9.38,1,9.48,8,REGULAR,REGULAR,EDGX,10241
AMCR,20250717 07:32:06.699000,0,9.38,1,9.48,8,REGULAR,REGULAR,EDGX,10241
AMCR,20250717 07:32:06.706000,0,9.38,1,9.48,8,REGULAR,REGULAR,EDGX,10241
AMCR,20250717 07:32:06.706000,0,9.38,1,9.48,8,REGULAR,REGULAR,EDGX,10241
AMCR,20250717 07:46:14.858000,0,9.44,1,9.48,5,REGULAR,REGULAR,EDGX,10241
AMCR,20250717 07:46:14.858000,0,9.44,1,9.48,5,REGULAR,REGULAR,EDGX,10241
AMCR,20250717 07:46:14.858000,0,9.44,1,9.48,5,REGULAR,REGULAR,EDGX,10241
AMCR,20250717 07:54:31.312000,0,9.44,1,9.48,2,REGULAR,REGULAR,EDGX,10247
AMCR,20250717 07:54:31.313000,0,9.44,1,9.48,3,REGULAR,REGULAR,EDGX,10247
AMCR,20250717 08:00:06.308000,0,9.44,1,9.48,2,REGULAR,REGULAR,EDGX,10247
AMCR,20250717 08:00:09.026000,0,9.44,1,9.48,2,REGULAR,REGULAR,EDGX,10247
AMCR,20250717 08:00:10.488000,0,9.44,1,9.48,2,REGULAR,REGULAR,EDGX,10247
AMCR,20250717 08:00:35.215000,0,9.44,1,9.48,2,REGULAR,REGULAR,EDGX,10247
AMCR,20250717 08:02:22.537000,0,9.44,1,9.48,2,REGULAR,REGULAR,EDGX,10247
AMCR,20250717 08:16:33.004000,0,9.44,1,9.48,2,REGULAR,REGULAR,EDGX,10247
AMCR,20250717 08:20:01.630000,0,9.44,1,9.48,2,REGULAR,REGULAR,EDGX,10247
AMCR,20250717 08:20:01.630000,0,9.44,1,9.48,2,REGULAR,REGULAR,EDGX,10247
AMCR,20250717 08:20:01.630000,0,9.44,1,9.48,2,REGULAR,REGULAR,EDGX,10247
AMCR,20250717 08:20:01.630000,0,9.44,1,9.48,2,REGULAR,REGULAR,EDGX,10247
AMCR,20250717 08:20:01.630000,0,9.44,1,9.48,2,REGULAR,REGULAR,EDGX,10247
AMCR,20250717 08:20:01.630000,0,9.44,1,9.48,2,REGULAR,REGULAR,EDGX,10247
AMCR,20250717 08:20:11.106000,0,9.44,1,9.58,8,REGULAR,REGULAR,EDGX,10247
AMCR,20250717 08:20:11.107000,0,9.44,1,9.58,8,REGULAR,REGULAR,EDGX,10247
AMCR,20250717 08:20:11.107000,0,9.44,1,9.58,8,REGULAR,REGULAR,EDGX,10247
AMCR,20250717 08:20:11.107000,0,9.44,1,9.58,8,REGULAR,REGULAR,EDGX,10247
AMCR,20250717 08:20:11.107000,0,9.44,1,9.58,8,REGULAR,REGULAR,EDGX,10247
AMCR,20250717 08:20:56.515000,0,9.44,1,9.58,8,REGULAR,REGULAR,EDGX,10247
AMCR,20250717 08:20:56.515000,0,9.44,1,9.58,8,REGULAR,REGULAR,EDGX,10247
AMCR,20250717 08:51:44.749000,0,9.44,1,9.47,45,REGULAR,REGULAR,EDGX,10247
AMCR,20250717 08:54:12.490000,0,9.44,1,9.47,48,REGULAR,REGULAR,EDGX,10247
AMCR,20250717 08:54:12.490000,0,9.44,1,9.47,48,REGULAR,REGULAR,EDGX,10247
AMCR,20250717 08:54:12.491000,0,9.44,1,9.47,48,REGULAR,REGULAR,EDGX,10247
AMCR,20250717 08:54:12.491000,0,9.44,1,9.47,48,REGULAR,REGULAR,EDGX,10247
AMCR,20250717 08:54:12.492000,0,9.44,1,9.47,48,REGULAR,REGULAR,EDGX,10247
AMCR,20250717 08:55:24.458000,0,9.44,1,9.47,48,REGULAR,REGULAR,EDGX,10247
AMCR,20250717 08:58:32.714000,0,9.44,1,9.47,48,REGULAR,REGULAR,EDGX,10247
AMCR,20250717 09:06:04.865000,0,9.44,1,9.52,10,REGULAR,REGULAR,EDGX,10247
AMCR,20250717 09:06:04.865000,0,9.44,1,9.52,10,REGULAR,REGULAR,EDGX,10247
AMCR,20250717 09:10:19.459000,0,9.44,1,9.47,50,REGULAR,REGULAR,EDGX,10247
AMCR,20250717 09:10:52.600000,0,9.44,1,9.47,50,REGULAR,REGULAR,EDGX,10247
AMCR,20250717 09:15:13.348000,0,9.44,1,9.47,4,REGULAR,REGULAR,EDGX,10241
AMCR,20250717 09:15:42.089000,0,9.44,1,9.47,4,REGULAR,REGULAR,EDGX,10241
AMCR,20250717 09:15:58.127000,0,9.44,1,9.47,4,REGULAR,REGULAR,EDGX,10241
AMCR,20250717 09:21:25.073000,0,9.44,25,9.47,4,REGULAR,REGULAR,PACF,10241
AMCR,20250717 09:21:25.074000,0,9.44,25,9.47,4,REGULAR,REGULAR,PACF,10241
AMCR,20250717 09:21:25.074000,0,9.44,25,9.47,4,REGULAR,REGULAR,PACF,10241
AMCR,20250717 09:21:26.150000,0,9.44,28,9.47,4,REGULAR,REGULAR,PACF,10241
AMCR,20250717 09:23:19.880000,0,9.46,7,9.47,4,REGULAR,REGULAR,PACF,10241
AMCR,20250717 09:23:19.880000,0,9.46,7,9.47,4,REGULAR,REGULAR,PACF,10241
AMCR,20250717 09:23:19.880000,0,9.46,7,9.47,4,REGULAR,REGULAR,PACF,10241
AMCR,20250717 09:25:46.339000,0,9.44,27,9.47,4,REGULAR,REGULAR,PACF,10241
AMCR,20250717 09:26:32.091000,0,9.44,25,9.47,4,REGULAR,REGULAR,PACF,10241
AMCR,20250717 09:27:58.550000,0,9.44,6,9.47,4,REGULAR,REGULAR,NQEX,10241
AMCR,20250717 09:30:00.796000,0,9.44,1,9.52,1,REGULAR,REGULAR,PACF,10241
AMCR,20250717 09:30:00.796000,0,9.44,1,9.52,1,REGULAR,REGULAR,PACF,10241
AMCR,20250717 09:30:00.870000,0,9.39,3,9.57,18,REGULAR,REGULAR,BATS,10249
AMCR,20250717 09:30:00.870000,0,9.39,3,9.57,18,REGULAR,REGULAR,BATS,10249
AMCR,20250717 09:30:00.870000,0,9.39,3,9.57,18,REGULAR,REGULAR,BATS,10249
AMCR,20250717 09:30:00.915000,0,9.39,18,9.44,1,REGULAR,REGULAR,BATY,10247
AMCR,20250717 09:30:00.915000,0,9.39,18,9.44,1,REGULAR,REGULAR,BATY,10247
AMCR,20250717 09:30:00.915000,0,9.39,18,9.44,1,REGULAR,REGULAR,BATY,10247
AMCR,20250717 09:30:00.915000,0,9.39,18,9.44,1,REGULAR,REGULAR,BATY,10247
AMCR,20250717 09:30:00.924000,0,9.42,3,9.44,4,REGULAR,REGULAR,NYSE,10247
AMCR,20250717 09:30:00.968000,0,9.42,10,9.44,4,REGULAR,REGULAR,NYSE,10300
AMCR,20250717 09:30:01.076000,0,9.42,10,9.44,5,REGULAR,REGULAR,NYSE,10243
AMCR,20250717 09:30:01.107000,0,9.43,4,9.44,26,REGULAR,REGULAR,NYSE,10241
AMCR,20250717 09:30:01.107000,0,9.43,4,9.44,26,REGULAR,REGULAR,NYSE,10241
AMCR,20250717 09:30:01.107000,0,9.43,4,9.44,26,REGULAR,REGULAR,NYSE,10241
AMCR,20250717 09:30:01.107000,0,9.43,4,9.44,26,REGULAR,REGULAR,NYSE,10241
AMCR,20250717 09:30:01.107000,0,9.43,4,9.44,26,REGULAR,REGULAR,NYSE,10241
AMCR,20250717 09:30:01.107000,0,9.43,4,9.44,26,REGULAR,REGULAR,NYSE,10241
AMCR,20250717 09:30:01.107000,0,9.43,4,9.44,26,REGULAR,REGULAR,NYSE,10241
AMCR,20250717 09:30:01.108000,0,9.43,3,9.44,26,REGULAR,REGULAR,NYSE,10241
AMCR,20250717 09:30:01.326000,0,9.42,3,9.43,26,REGULAR,REGULAR,NYSE,10241
AMCR,20250717 09:30:01.378000,0,9.42,10,9.43,4,REGULAR,REGULAR,BATS,10243
AMCR,20250717 09:30:01.378000,0,9.42,10,9.43,4,REGULAR,REGULAR,BATS,10243
AMCR,20250717 09:30:01.378000,0,9.42,10,9.43,4,REGULAR,REGULAR,BATS,10243
AMCR,20250717 09:30:01.378000,0,9.42,10,9.43,4,REGULAR,REGULAR,BATS,10243
AMCR,20250717 09:30:01.378000,0,9.42,10,9.43,4,REGULAR,REGULAR,BATS,10243
AMCR,20250717 09:30:01.378000,0,9.42,10,9.43,4,REGULAR,REGULAR,BATS,10243
AMCR,20250717 09:30:01.378000,0,9.42,10,9.43,4,REGULAR,REGULAR,BATS,10243
AMCR,20250717 09:30:01.407000,0,9.43,1,9.44,11,REGULAR,REGULAR,MEMX,10243
AMCR,20250717 09:30:01.407000,0,9.43,1,9.44,11,REGULAR,REGULAR,MEMX,10243
AMCR,20250717 09:30:01.434000,0,9.43,11,9.44,4,REGULAR,REGULAR,NYSE,10300
AMCR,20250717 09:30:01.441000,0,9.43,11,9.44,4,REGULAR,REGULAR,NYSE,10300
AMCR,20250717 09:30:01.559000,0,9.43,9,9.44,4,REGULAR,REGULAR,NYSE,10243
AMCR,20250717 09:30:01.595000,0,9.43,9,9.44,5,REGULAR,REGULAR,NYSE,10243
AMCR,20250717 09:30:01.596000,0,9.44,10,9.44,40,REGULAR,REGULAR,NYSE,10243
AMCR,20250717 09:30:01.596000,0,9.44,10,9.44,40,REGULAR,REGULAR,NYSE,10243
AMCR,20250717 09:30:01.596000,0,9.44,10,9.44,40,REGULAR,REGULAR,NYSE,10243
AMCR,20250717 09:30:01.596000,0,9.44,10,9.44,40,REGULAR,REGULAR,NYSE,10243
AMCR,20250717 09:30:01.596000,0,9.44,10,9.44,40,REGULAR,REGULAR,NYSE,10243
AMCR,20250717 09:30:01.596000,0,9.44,10,9.44,40,REGULAR,REGULAR,NYSE,10243
AMCR,20250717 09:30:01.596000,0,9.44,10,9.44,40,REGULAR,REGULAR,NYSE,10243
AMCR,20250717 09:30:01.596000,0,9.44,10,9.44,40,REGULAR,REGULAR,NYSE,10243
AMCR,20250717 09:30:01.596000,0,9.44,10,9.44,40,REGULAR,REGULAR,NYSE,10243
AMCR,20250717 09:30:01.596000,0,9.44,10,9.44,40,REGULAR,REGULAR,NYSE,10243
AMCR,20250717 09:30:01.794000,0,9.44,10,9.44,40,REGULAR,REGULAR,NYSE,10243
AMCR,20250717 09:30:01.962000,0,9.44,10,9.44,40,REGULAR,REGULAR,NYSE,10243
AMCR,20250717 09:30:02.056000,0,9.44,10,9.44,74,REGULAR,REGULAR,NYSE,10243
AMCR,20250717 09:30:02.057000,0,9.44,10,9.44,74,REGULAR,REGULAR,NYSE,10243
AMCR,20250717 09:30:02.058000,0,9.44,10,9.44,74,REGULAR,REGULAR,NYSE,10243
AMCR,20250717 09:30:02.059000,0,9.44,10,9.44,74,REGULAR,REGULAR,NYSE,10243
AMCR,20250717 09:30:02.108000,0,9.44,10,9.44,74,REGULAR,REGULAR,NYSE,10243
AMCR,20250717 09:30:02.206000,0,9.44,12,9.44,74,REGULAR,REGULAR,BATS,10243
AMCR,20250717 09:30:02.417000,0,9.44,13,9.44,74,REGULAR,REGULAR,BATS,10243
AMCR,20250717 09:30:02.420000,0,9.44,13,9.44,74,REGULAR,REGULAR,BATS,10243
AMCR,20250717 09:30:02.449000,0,9.44,13,9.44,74,REGULAR,REGULAR,BATS,10243
AMCR,20250717 09:30:02.451000,0,9.44,13,9.44,74,REGULAR,REGULAR,BATS,10243
AMCR,20250717 09:30:02.452000,0,9.44,13,9.44,74,REGULAR,REGULAR,BATS,10243
AMCR,20250717 09:30:02.521000,0,9.44,13,9.44,74,REGULAR,REGULAR,BATS,10243
AMCR,20250717 09:30:02.608000,0,9.44,13,9.44,71,REGULAR,REGULAR,BATS,10243
AMCR,20250717 09:30:02.609000,0,9.44,13,9.44,71,REGULAR,REGULAR,BATS,10243
AMCR,20250717 09:30:02.649000,0,9.44,13,9.44,76,REGULAR,REGULAR,BATS,10243
AMCR,20250717 09:30:02.772000,0,9.44,13,9.44,76,REGULAR,REGULAR,BATS,10243
AMCR,20250717 09:30:02.930000,0,9.44,13,9.44,74,REGULAR,REGULAR,BATS,10243
AMCR,20250717 09:30:02.984000,0,9.44,13,9.44,74,REGULAR,REGULAR,BATS,10243
AMCR,20250717 09:30:03.013000,0,9.44,13,9.44,74,REGULAR,REGULAR,BATS,10243
AMCR,20250717 09:30:03.133000,0,9.44,13,9.44,74,REGULAR,REGULAR,BATS,10243
AMCR,20250717 09:30:03.133000,0,9.44,13,9.44,74,REGULAR,REGULAR,BATS,10243
AMCR,20250717 09:30:03.436000,0,9.44,15,9.44,67,REGULAR,REGULAR,NYSE,10243
AMCR,20250717 09:30:03.436000,0,9.44,15,9.44,67,REGULAR,REGULAR,NYSE,10243
AMCR,20250717 09:30:04.209000,0,9.44,13,9.44,67,REGULAR,REGULAR,BATS,10243
AMCR,20250717 09:30:04.743000,0,9.44,17,9.44,41,REGULAR,REGULAR,BATS,10243
AMCR,20250717 09:30:05.083000,0,9.44,18,9.44,40,REGULAR,REGULAR,BATS,10243
AMCR,20250717 09:30:05.084000,0,9.44,18,9.44,40,REGULAR,REGULAR,BATS,10243
AMCR,20250717 09:30:05.084000,0,9.44,18,9.44,40,REGULAR,REGULAR,BATS,10243
AMCR,20250717 09:30:05.112000,0,9.44,18,9.44,2,REGULAR,REGULAR,BATS,10241
AMCR,20250717 09:30:05.112000,0,9.44,18,9.44,2,REGULAR,REGULAR,BATS,10241
AMCR,20250717 09:30:05.112000,0,9.44,18,9.44,2,REGULAR,REGULAR,BATS,10241
AMCR,20250717 09:30:05.112000,0,9.44,18,9.44,2,REGULAR,REGULAR,BATS,10241
AMCR,20250717 09:30:05.112000,0,9.44,18,9.44,2,REGULAR,REGULAR,BATS,10241
AMCR,20250717 09:30:05.112000,0,9.44,18,9.44,2,REGULAR,REGULAR,BATS,10241
AMCR,20250717 09:30:05.113000,0,9.44,17,9.46,20,REGULAR,REGULAR,MEMX,10300
AMCR,20250717 09:30:05.113000,0,9.44,17,9.46,20,REGULAR,REGULAR,MEMX,10300
AMCR,20250717 09:30:05.113000,0,9.44,17,9.46,20,REGULAR,REGULAR,MEMX,10300
AMCR,20250717 09:30:05.113000,0,9.44,17,9.46,20,REGULAR,REGULAR,MEMX,10300
AMCR,20250717 09:30:05.113000,0,9.44,17,9.46,20,REGULAR,REGULAR,MEMX,10300
AMCR,20250717 09:30:05.113000,0,9.44,17,9.46,20,REGULAR,REGULAR,MEMX,10300
AMCR,20250717 09:30:05.113000,0,9.44,17,9.46,20,REGULAR,REGULAR,MEMX,10300
AMCR,20250717 09:30:05.113000,0,9.44,17,9.46,20,REGULAR,REGULAR,MEMX,10300
AMCR,20250717 09:30:05.113000,0,9.44,17,9.46,20,REGULAR,REGULAR,MEMX,10300
AMCR,20250717 09:30:05.122000,0,9.44,20,9.46,7,REGULAR,REGULAR,MEMX,10300
AMCR,20250717 09:30:05.122000,0,9.44,20,9.46,7,REGULAR,REGULAR,MEMX,10300
AMCR,20250717 09:30:05.122000,0,9.44,20,9.46,7,REGULAR,REGULAR,MEMX,10300
AMCR,20250717 09:30:05.122000,0,9.44,20,9.46,7,REGULAR,REGULAR,MEMX,10300
AMCR,20250717 09:30:05.129000,0,9.44,24,9.46,7,REGULAR,REGULAR,NYSE,10300
AMCR,20250717 09:30:05.168000,0,9.44,30,9.46,7,REGULAR,REGULAR,BATS,10300
AMCR,20250717 09:30:05.169000,0,9.44,39,9.46,7,REGULAR,REGULAR,BATS,10300
AMCR,20250717 09:30:05.184000,0,9.44,39,9.46,7,REGULAR,REGULAR,BATS,10300
AMCR,20250717 09:30:05.185000,0,9.46,3,9.46,4,REGULAR,REGULAR,MEMX,10300
AMCR,20250717 09:30:05.185000,0,9.46,3,9.46,4,REGULAR,REGULAR,MEMX,10300
AMCR,20250717 09:30:05.185000,0,9.46,3,9.46,4,REGULAR,REGULAR,MEMX,10300
AMCR,20250717 09:30:05.185000,0,9.46,3,9.46,4,REGULAR,REGULAR,MEMX,10300
AMCR,20250717 09:30:05.185000,0,9.46,3,9.46,4,REGULAR,REGULAR,MEMX,10300
AMCR,20250717 09:30:05.185000,0,9.46,3,9.46,4,REGULAR,REGULAR,MEMX,10300
AMCR,20250717 09:30:05.185000,0,9.46,3,9.46,4,REGULAR,REGULAR,MEMX,10300
AMCR,20250717 09:30:05.185000,0,9.46,3,9.46,4,REGULAR,REGULAR,MEMX,10300
AMCR,20250717 09:30:05.185000,0,9.46,3,9.46,4,REGULAR,REGULAR,MEMX,10300
AMCR,20250717 09:30:05.185000,0,9.46,3,9.46,4,REGULAR,REGULAR,MEMX,10300
AMCR,20250717 09:30:05.185000,0,9.46,3,9.46,4,REGULAR,REGULAR,MEMX,10300
AMCR,20250717 09:30:05.186000,0,9.46,13,9.47,29,REGULAR,REGULAR,NYSE,10300
AMCR,20250717 09:30:05.186000,0,9.46,13,9.47,29,REGULAR,REGULAR,NYSE,10300
AMCR,20250717 09:30:05.186000,0,9.46,13,9.47,29,REGULAR,REGULAR,NYSE,10300
AMCR,20250717 09:30:05.186000,0,9.46,13,9.47,29,REGULAR,REGULAR,NYSE,10300
AMCR,20250717 09:30:05.186000,0,9.46,13,9.47,29,REGULAR,REGULAR,NYSE,10300
AMCR,20250717 09:30:05.186000,0,9.46,13,9.47,29,REGULAR,REGULAR,NYSE,10300
AMCR,20250717 09:30:05.187000,0,9.46,13,9.47,29,REGULAR,REGULAR,NYSE,10300
AMCR,20250717 09:30:05.192000,0,9.46,13,9.47,30,REGULAR,REGULAR,NYSE,10243
AMCR,20250717 09:30:05.198000,0,9.46,13,9.47,29,REGULAR,REGULAR,NYSE,10300
AMCR,20250717 09:30:05.198000,0,9.46,13,9.47,29,REGULAR,REGULAR,NYSE,10300
AMCR,20250717 09:30:05.199000,0,9.46,34,9.47,26,REGULAR,REGULAR,BATS,10243
AMCR,20250717 09:30:05.199000,0,9.46,34,9.47,26,REGULAR,REGULAR,BATS,10243
AMCR,20250717 09:30:05.199000,0,9.46,34,9.47,26,REGULAR,REGULAR,BATS,10243
AMCR,20250717 09:30:05.199000,0,9.46,34,9.47,26,REGULAR,REGULAR,BATS,10243
AMCR,20250717 09:30:05.200000,0,9.46,29,9.47,26,REGULAR,REGULAR,BATS,10243
AMCR,20250717 09:30:05.200000,0,9.46,29,9.47,26,REGULAR,REGULAR,BATS,10243
AMCR,20250717 09:30:05.201000,0,9.46,29,9.47,26,REGULAR,REGULAR,BATS,10243
AMCR,20250717 09:30:05.203000,0,9.46,29,9.47,26,REGULAR,REGULAR,BATS,10243
AMCR,20250717 09:30:05.212000,0,9.46,19,9.47,4,REGULAR,REGULAR,BATS,10243
AMCR,20250717 09:30:05.217000,0,9.46,19,9.47,3,REGULAR,REGULAR,BATS,10300
AMCR,20250717 09:30:05.217000,0,9.46,19,9.47,3,REGULAR,REGULAR,BATS,10300
AMCR,20250717 09:30:05.217000,0,9.46,19,9.47,3,REGULAR,REGULAR,BATS,10300
AMCR,20250717 09:30:05.217000,0,9.46,19,9.47,3,REGULAR,REGULAR,BATS,10300
AMCR,20250717 09:30:05.243000,0,9.46,27,9.47,5,REGULAR,REGULAR,NYSE,10243
AMCR,20250717 09:30:05.723000,0,9.46,13,9.47,44,REGULAR,REGULAR,NYSE,10243
AMCR,20250717 09:30:05.726000,0,9.46,13,9.47,43,REGULAR,REGULAR,NYSE,10243
AMCR,20250717 09:30:05.727000,0,9.46,13,9.47,43,REGULAR,REGULAR,NYSE,10243
AMCR,20250717 09:30:05.729000,0,9.46,13,9.47,43,REGULAR,REGULAR,NYSE,10243
AMCR,20250717 09:30:05.730000,0,9.46,13,9.47,43,REGULAR,REGULAR,NYSE,10243
AMCR,20250717 09:30:05.798000,0,9.46,10,9.47,11,REGULAR,REGULAR,BATS,10243
AMCR,20250717 09:30:06.170000,0,9.46,19,9.47,9,REGULAR,REGULAR,BATS,10243
AMCR,20250717 09:30:06.173000,0,9.46,14,9.47,3,REGULAR,REGULAR,BATS,10241
AMCR,20250717 09:30:06.173000,0,9.46,14,9.47,3,REGULAR,REGULAR,BATS,10241
AMCR,20250717 09:30:06.173000,0,9.46,14,9.47,3,REGULAR,REGULAR,BATS,10241
AMCR,20250717 09:30:06.214000,0,9.46,21,9.47,4,REGULAR,REGULAR,BATS,10300
AMCR,20250717 09:30:06.214000,0,9.46,21,9.47,4,REGULAR,REGULAR,BATS,10300
AMCR,20250717 09:30:06.214000,0,9.46,21,9.47,4,REGULAR,REGULAR,BATS,10300
AMCR,20250717 09:30:06.214000,0,9.46,21,9.47,4,REGULAR,REGULAR,BATS,10300
AMCR,20250717 09:30:06.219000,0,9.46,16,9.47,4,REGULAR,REGULAR,BATS,10300
AMCR,20250717 09:30:06.281000,0,9.46,16,9.47,4,REGULAR,REGULAR,BATS,10300
AMCR,20250717 09:30:06.297000,0,9.46,16,9.47,4,REGULAR,REGULAR,BATS,10300
AMCR,20250717 09:30:06.314000,0,9.46,10,9.47,31,REGULAR,REGULAR,BATS,10241
AMCR,20250717 09:30:06.329000,0,9.46,10,9.47,31,REGULAR,REGULAR,BATS,10241
AMCR,20250717 09:30:06.417000,0,9.46,10,9.47,31,REGULAR,REGULAR,BATS,10241
AMCR,20250717 09:30:06.419000,0,9.46,10,9.47,31,REGULAR,REGULAR,BATS,10241
AMCR,20250717 09:30:06.421000,0,9.46,26,9.47,4,REGULAR,REGULAR,BATS,10300
AMCR,20250717 09:30:06.421000,0,9.46,26,9.47,4,REGULAR,REGULAR,BATS,10300
AMCR,20250717 09:30:06.421000,0,9.46,26,9.47,4,REGULAR,REGULAR,BATS,10300
AMCR,20250717 09:30:06.421000,0,9.46,26,9.47,4,REGULAR,REGULAR,BATS,10300
AMCR,20250717 09:30:06.421000,0,9.46,26,9.47,4,REGULAR,REGULAR,BATS,10300
AMCR,20250717 09:30:06.421000,0,9.46,26,9.47,4,REGULAR,REGULAR,BATS,10300
AMCR,20250717 09:30:06.421000,0,9.46,26,9.47,4,REGULAR,REGULAR,BATS,10300
AMCR,20250717 09:30:06.431000,0,9.46,15,9.47,4,REGULAR,REGULAR,BATS,10300
AMCR,20250717 09:30:06.431000,0,9.46,15,9.47,4,REGULAR,REGULAR,BATS,10300
AMCR,20250717 09:30:06.437000,0,9.46,14,9.47,4,REGULAR,REGULAR,BATS,10300
AMCR,20250717 09:30:06.534000,0,9.46,10,9.47,32,REGULAR,REGULAR,BATS,10241
AMCR,20250717 09:30:06.534000,0,9.46,10,9.47,32,REGULAR,REGULAR,BATS,10241
AMCR,20250717 09:30:06.535000,0,9.46,10,9.47,32,REGULAR,REGULAR,BATS,10241
AMCR,20250717 09:30:06.535000,0,9.46,10,9.47,32,REGULAR,REGULAR,BATS,10241
AMCR,20250717 09:30:06.538000,0,9.46,10,9.47,32,REGULAR,REGULAR,BATS,10241
AMCR,20250717 09:30:06.547000,0,9.46,10,9.47,45,REGULAR,REGULAR,BATS,10243
AMCR,20250717 09:30:06.640000,0,9.46,10,9.47,66,REGULAR,REGULAR,BATS,10243
AMCR,20250717 09:30:06.742000,0,9.46,10,9.47,66,REGULAR,REGULAR,BATS,10243
AMCR,20250717 09:30:06.742000,0,9.46,10,9.47,66,REGULAR,REGULAR,BATS,10243
AMCR,20250717 09:30:06.742000,0,9.46,10,9.47,66,REGULAR,REGULAR,BATS,10243
AMCR,20250717 09:30:06.742000,0,9.46,10,9.47,66,REGULAR,REGULAR,BATS,10243
AMCR,20250717 09:30:06.743000,0,9.46,10,9.47,66,REGULAR,REGULAR,BATS,10243
AMCR,20250717 09:30:06.745000,0,9.46,10,9.47,66,REGULAR,REGULAR,BATS,10243
AMCR,20250717 09:30:06.761000,0,9.46,10,9.47,66,REGULAR,REGULAR,BATS,10243
AMCR,20250717 09:30:06.871000,0,9.46,10,9.47,68,REGULAR,REGULAR,BATS,10243
AMCR,20250717 09:30:06.908000,0,9.46,10,9.47,68,REGULAR,REGULAR,BATS,10243
AMCR,20250717 09:30:06.979000,0,9.46,10,9.47,68,REGULAR,REGULAR,BATS,10243
AMCR,20250717 09:30:07.037000,0,9.46,10,9.47,68,REGULAR,REGULAR,BATS,10243
AMCR,20250717 09:30:07.139000,0,9.46,11,9.47,68,REGULAR,REGULAR,BATS,10243
AMCR,20250717 09:30:07.142000,0,9.46,11,9.47,68,REGULAR,REGULAR,BATS,10243
AMCR,20250717 09:30:07.184000,0,9.46,11,9.47,68,REGULAR,REGULAR,BATS,10243
AMCR,20250717 09:30:07.245000,0,9.46,11,9.47,68,REGULAR,REGULAR,BATS,10243
AMCR,20250717 09:30:07.939000,0,9.46,11,9.47,68,REGULAR,REGULAR,BATS,10243
AMCR,20250717 09:30:07.943000,0,9.46,11,9.47,66,REGULAR,REGULAR,BATS,10243
AMCR,20250717 09:30:08.217000,0,9.46,15,9.47,62,REGULAR,REGULAR,BATS,10243
AMCR,20250717 09:30:08.232000,0,9.46,15,9.47,61,REGULAR,REGULAR,BATS,10243
AMCR,20250717 09:30:08.745000,0,9.46,15,9.47,60,REGULAR,REGULAR,BATS,10243
AMCR,20250717 09:30:10.024000,0,9.46,15,9.47,60,REGULAR,REGULAR,BATS,10243
AMCR,20250717 09:30:10.024000,0,9.46,15,9.47,60,REGULAR,REGULAR,BATS,10243
AMCR,20250717 09:30:10.024000,0,9.46,15,9.47,60,REGULAR,REGULAR,BATS,10243
AMCR,20250717 09:30:10.024000,0,9.46,15,9.47,60,REGULAR,REGULAR,BATS,10243
AMCR,20250717 09:30:10.046000,0,9.46,15,9.47,60,REGULAR,REGULAR,BATS,10243
AMCR,20250717 09:30:10.054000,0,9.46,15,9.47,58,REGULAR,REGULAR,BATS,10243
AMCR,20250717 09:30:11.758000,0,9.46,15,9.47,19,REGULAR,REGULAR,BATS,10243
AMCR,20250717 09:30:15.736000,0,9.46,20,9.47,24,REGULAR,REGULAR,IEX,10243
AMCR,20250717 09:30:16.723000,0,9.46,56,9.47,19,REGULAR,REGULAR,NYSE,10308
AMCR,20250717 09:30:17.768000,0,9.46,56,9.47,19,REGULAR,REGULAR,NYSE,10308
AMCR,20250717 09:30:18.735000,0,9.46,56,9.47,19,REGULAR,REGULAR,NYSE,10308
AMCR,20250717 09:30:19.768000,0,9.46,56,9.47,11,REGULAR,REGULAR,NYSE,10243
AMCR,20250717 09:30:19.813000,0,9.46,106,9.47,11,REGULAR,REGULAR,NYSE,10243
AMCR,20250717 09:30:20.740000,0,9.46,106,9.47,10,REGULAR,REGULAR,NYSE,10243
AMCR,20250717 09:30:22.702000,0,9.46,106,9.47,13,REGULAR,REGULAR,NYSE,10243
AMCR,20250717 09:30:22.703000,0,9.46,106,9.47,13,REGULAR,REGULAR,NYSE,10243
AMCR,20250717 09:30:22.706000,0,9.46,106,9.47,12,REGULAR,REGULAR,NYSE,10243
AMCR,20250717 09:30:22.707000,0,9.46,106,9.47,12,REGULAR,REGULAR,NYSE,10243
AMCR,20250717 09:30:22.725000,0,9.46,111,9.47,10,REGULAR,REGULAR,NYSE,10243
AMCR,20250717 09:30:23.749000,0,9.46,111,9.47,9,REGULAR,REGULAR,NYSE,10243
AMCR,20250717 09:30:25.364000,0,9.47,8,9.47,4,REGULAR,REGULAR,PACF,10300
AMCR,20250717 09:30:25.364000,0,9.47,8,9.47,4,REGULAR,REGULAR,PACF,10300
AMCR,20250717 09:30:25.364000,0,9.47,8,9.47,4,REGULAR,REGULAR,PACF,10300
AMCR,20250717 09:30:25.364000,0,9.47,8,9.47,4,REGULAR,REGULAR,PACF,10300
AMCR,20250717 09:30:25.364000,0,9.47,8,9.47,4,REGULAR,REGULAR,PACF,10300
AMCR,20250717 09:30:25.364000,0,9.47,8,9.47,4,REGULAR,REGULAR,PACF,10300
AMCR,20250717 09:30:25.364000,0,9.47,8,9.47,4,REGULAR,REGULAR,PACF,10300
AMCR,20250717 09:30:25.365000,0,9.47,8,9.47,4,REGULAR,REGULAR,PACF,10300
AMCR,20250717 09:30:25.368000,0,9.47,5,9.47,4,REGULAR,REGULAR,PACF,10300
AMCR,20250717 09:30:25.369000,0,9.47,5,9.47,4,REGULAR,REGULAR,PACF,10300
AMCR,20250717 09:30:25.379000,0,9.47,66,9.48,50,REGULAR,REGULAR,NYSE,10243
AMCR,20250717 09:30:25.379000,0,9.47,66,9.48,50,REGULAR,REGULAR,NYSE,10243
AMCR,20250717 09:30:25.379000,0,9.47,66,9.48,50,REGULAR,REGULAR,NYSE,10243
AMCR,20250717 09:30:25.379000,0,9.47,66,9.48,50,REGULAR,REGULAR,NYSE,10243
AMCR,20250717 09:30:25.386000,0,9.47,59,9.48,55,REGULAR,REGULAR,NYSE,10243
AMCR,20250717 09:30:25.406000,0,9.47,59,9.48,55,REGULAR,REGULAR,NYSE,10243
AMCR,20250717 09:30:25.406000,0,9.47,59,9.48,55,REGULAR,REGULAR,NYSE,10243
AMCR,20250717 09:30:25.406000,0,9.47,59,9.48,55,REGULAR,REGULAR,NYSE,10243
AMCR,20250717 09:30:25.406000,0,9.47,59,9.48,55,REGULAR,REGULAR,NYSE,10243
AMCR,20250717 09:30:25.406000,0,9.47,59,9.48,55,REGULAR,REGULAR,NYSE,10243
AMCR,20250717 09:30:25.406000,0,9.47,59,9.48,55,REGULAR,REGULAR,NYSE,10243
AMCR,20250717 09:30:25.475000,0,9.47,17,9.48,55,REGULAR,REGULAR,IEX,10243
AMCR,20250717 09:30:25.497000,0,9.47,17,9.48,55,REGULAR,REGULAR,IEX,10243
AMCR,20250717 09:30:25.500000,0,9.47,17,9.48,55,REGULAR,REGULAR,IEX,10243
AMCR,20250717 09:30:25.510000,0,9.47,17,9.48,55,REGULAR,REGULAR,IEX,10243
AMCR,20250717 09:30:25.512000,0,9.47,17,9.48,55,REGULAR,REGULAR,IEX,10243
AMCR,20250717 09:30:25.514000,0,9.47,17,9.48,55,REGULAR,REGULAR,IEX,10243
AMCR,20250717 09:30:25.517000,0,9.47,17,9.48,55,REGULAR,REGULAR,IEX,10243
AMCR,20250717 09:30:25.521000,0,9.47,17,9.48,55,REGULAR,REGULAR,IEX,10243
AMCR,20250717 09:30:25.531000,0,9.47,17,9.48,55,REGULAR,REGULAR,IEX,10243
AMCR,20250717 09:30:25.534000,0,9.47,17,9.48,55,REGULAR,REGULAR,IEX,10243
AMCR,20250717 09:30:25.549000,0,9.47,17,9.48,55,REGULAR,REGULAR,IEX,10243
AMCR,20250717 09:30:25.551000,0,9.47,17,9.48,55,REGULAR,REGULAR,IEX,10243
AMCR,20250717 09:30:25.558000,0,9.47,17,9.48,55,REGULAR,REGULAR,NYSE,10243
AMCR,20250717 09:30:25.560000,0,9.47,18,9.48,55,REGULAR,REGULAR,IEX,10243
AMCR,20250717 09:30:26.163000,0,9.47,17,9.48,27,REGULAR,REGULAR,NYSE,10241
AMCR,20250717 09:30:26.168000,0,9.47,17,9.48,27,REGULAR,REGULAR,IEX,10241
AMCR,20250717 09:30:26.757000,0,9.47,62,9.48,21,REGULAR,REGULAR,NYSE,10300
AMCR,20250717 09:30:26.757000,0,9.47,62,9.48,21,REGULAR,REGULAR,NYSE,10300
AMCR,20250717 09:30:27.596000,0,9.48,56,9.48,4,REGULAR,REGULAR,NYSE,10300
AMCR,20250717 09:30:27.596000,0,9.48,56,9.48,4,REGULAR,REGULAR,NYSE,10300
AMCR,20250717 09:30:27.596000,0,9.48,56,9.48,4,REGULAR,REGULAR,NYSE,10300
AMCR,20250717 09:30:27.596000,0,9.48,56,9.48,4,REGULAR,REGULAR,NYSE,10300
AMCR,20250717 09:30:27.596000,0,9.48,56,9.48,4,REGULAR,REGULAR,NYSE,10300
AMCR,20250717 09:30:27.596000,0,9.48,56,9.48,4,REGULAR,REGULAR,NYSE,10300
AMCR,20250717 09:30:27.596000,0,9.48,56,9.48,4,REGULAR,REGULAR,NYSE,10300
AMCR,20250717 09:30:27.596000,0,9.48,56,9.48,4,REGULAR,REGULAR,NYSE,10300
AMCR,20250717 09:30:27.596000,0,9.48,56,9.48,4,REGULAR,REGULAR,NYSE,10300
AMCR,20250717 09:30:27.597000,0,9.48,59,9.49,71,REGULAR,REGULAR,NYSE,10243
AMCR,20250717 09:30:27.597000,0,9.48,59,9.49,71,REGULAR,REGULAR,NYSE,10243
AMCR,20250717 09:30:27.597000,0,9.48,59,9.49,71,REGULAR,REGULAR,NYSE,10243
AMCR,20250717 09:30:27.600000,0,9.48,59,9.49,71,REGULAR,REGULAR,NYSE,10243
AMCR,20250717 09:30:27.605000,0,9.48,66,9.49,41,REGULAR,REGULAR,NYSE,10243
AMCR,20250717 09:30:27.608000,0,9.48,66,9.49,41,REGULAR,REGULAR,NYSE,10243
AMCR,20250717 09:30:27.609000,0,9.48,66,9.49,41,REGULAR,REGULAR,NYSE,10243
AMCR,20250717 09:30:27.610000,0,9.48,116,9.49,41,REGULAR,REGULAR,NYSE,10243
AMCR,20250717 09:30:27.610000,0,9.48,116,9.49,41,REGULAR,REGULAR,NYSE,10243
AMCR,20250717 09:30:27.610000,0,9.48,116,9.49,41,REGULAR,REGULAR,NYSE,10243
AMCR,20250717 09:30:27.610000,0,9.48,116,9.49,41,REGULAR,REGULAR,NYSE,10243
AMCR,20250717 09:30:27.610000,0,9.48,116,9.49,41,REGULAR,REGULAR,NYSE,10243
AMCR,20250717 09:30:27.610000,0,9.48,116,9.49,41,REGULAR,REGULAR,NYSE,10243
AMCR,20250717 09:30:27.610000,0,9.48,116,9.49,41,REGULAR,REGULAR,NYSE,10243
AMCR,20250717 09:30:27.611000,0,9.48,116,9.49,41,REGULAR,REGULAR,NYSE,10243
AMCR,20250717 09:30:27.616000,0,9.48,116,9.49,38,REGULAR,REGULAR,NYSE,10243
AMCR,20250717 09:30:27.618000,0,9.48,116,9.49,38,REGULAR,REGULAR,NYSE,10243
AMCR,20250717 09:30:27.627000,0,9.48,116,9.49,33,REGULAR,REGULAR,NYSE,10243
AMCR,20250717 09:30:29.683000,0,9.48,58,9.49,58,REGULAR,REGULAR,NYSE,10243
AMCR,20250717 09:30:29.689000,0,9.48,58,9.49,58,REGULAR,REGULAR,NYSE,10243
AMCR,20250717 09:30:29.742000,0,9.48,65,9.49,58,REGULAR,REGULAR,NYSE,10243
AMCR,20250717 09:30:29.742000,0,9.48,65,9.49,58,REGULAR,REGULAR,NYSE,10243
AMCR,20250717 09:30:29.743000,0,9.48,65,9.49,58,REGULAR,REGULAR,NYSE,10243
AMCR,20250717 09:30:29.743000,0,9.48,65,9.49,58,REGULAR,REGULAR,NYSE,10243
AMCR,20250717 09:30:29.915000,0,9.48,66,9.49,58,REGULAR,REGULAR,NYSE,10243
AMCR,20250717 09:30:30.692000,0,9.48,22,9.49,170,REGULAR,REGULAR,IEX,10243
AMCR,20250717 09:30:30.692000,0,9.48,22,9.49,170,REGULAR,REGULAR,IEX,10243
AMCR,20250717 09:30:30.692000,0,9.48,22,9.49,170,REGULAR,REGULAR,IEX,10243
AMCR,20250717 09:30:30.692000,0,9.48,22,9.49,170,REGULAR,REGULAR,IEX,10243
AMCR,20250717 09:30:30.692000,0,9.48,22,9.49,170,REGULAR,REGULAR,IEX,10243
AMCR,20250717 09:30:30.692000,0,9.48,22,9.49,170,REGULAR,REGULAR,IEX,10243
AMCR,20250717 09:30:30.692000,0,9.48,22,9.49,170,REGULAR,REGULAR,IEX,10243
AMCR,20250717 09:30:30.692000,0,9.48,22,9.49,170,REGULAR,REGULAR,IEX,10243
AMCR,20250717 09:30:30.693000,0,9.47,28,9.48,67,REGULAR,REGULAR,BATS,10243
AMCR,20250717 09:30:30.693000,0,9.47,28,9.48,67,REGULAR,REGULAR,BATS,10243
AMCR,20250717 09:30:30.698000,0,9.47,27,9.48,62,REGULAR,REGULAR,BATS,10243
AMCR,20250717 09:30:30.700000,0,9.47,61,9.48,62,REGULAR,REGULAR,NYSE,10243
AMCR,20250717 09:30:30.700000,0,9.47,61,9.48,62,REGULAR,REGULAR,NYSE,10243
AMCR,20250717 09:30:30.701000,0,9.47,61,9.48,62,REGULAR,REGULAR,NYSE,10243
AMCR,20250717 09:30:30.712000,0,9.47,61,9.48,97,REGULAR,REGULAR,NYSE,10243
AMCR,20250717 09:30:31.209000,0,9.47,1,9.48,109,REGULAR,REGULAR,IEX,10243
AMCR,20250717 09:30:31.209000,0,9.47,1,9.48,109,REGULAR,REGULAR,IEX,10243
AMCR,20250717 09:30:31.209000,0,9.47,1,9.48,109,REGULAR,REGULAR,IEX,10243
AMCR,20250717 09:30:31.209000,0,9.47,1,9.48,109,REGULAR,REGULAR,IEX,10243
AMCR,20250717 09:30:31.209000,0,9.47,1,9.48,109,REGULAR,REGULAR,IEX,10243
AMCR,20250717 09:30:31.209000,0,9.47,1,9.48,109,REGULAR,REGULAR,IEX,10243
AMCR,20250717 09:30:31.209000,0,9.47,1,9.48,109,REGULAR,REGULAR,IEX,10243
AMCR,20250717 09:30:31.209000,0,9.47,1,9.48,109,REGULAR,REGULAR,IEX,10243
AMCR,20250717 09:30:31.209000,0,9.47,1,9.48,109,REGULAR,REGULAR,IEX,10243
AMCR,20250717 09:30:31.210000,0,9.47,9,9.48,109,REGULAR,REGULAR,NYSE,10243
AMCR,20250717 09:30:31.210000,0,9.47,9,9.48,109,REGULAR,REGULAR,NYSE,10243
AMCR,20250717 09:30:31.210000,0,9.47,9,9.48,109,REGULAR,REGULAR,NYSE,10243
AMCR,20250717 09:30:31.211000,0,9.47,9,9.48,109,REGULAR,REGULAR,NYSE,10243
AMCR,20250717 09:30:31.214000,0,9.46,102,9.47,6,REGULAR,REGULAR,NYSE,10247
AMCR,20250717 09:30:31.214000,0,9.46,102,9.47,6,REGULAR,REGULAR,NYSE,10247
AMCR,20250717 09:30:31.214000,0,9.46,102,9.47,6,REGULAR,REGULAR,NYSE,10247
AMCR,20250717 09:30:31.214000,0,9.46,102,9.47,6,REGULAR,REGULAR,NYSE,10247
AMCR,20250717 09:30:31.214000,0,9.46,102,9.47,6,REGULAR,REGULAR,NYSE,10247
AMCR,20250717 09:30:31.214000,0,9.46,102,9.47,6,REGULAR,REGULAR,NYSE,10247
AMCR,20250717 09:30:31.214000,0,9.46,102,9.47,6,REGULAR,REGULAR,NYSE,10247
AMCR,20250717 09:30:31.214000,0,9.46,102,9.47,6,REGULAR,REGULAR,NYSE,10247
AMCR,20250717 09:30:31.214000,0,9.46,102,9.47,6,REGULAR,REGULAR,NYSE,10247
AMCR,20250717 09:30:31.214000,0,9.46,102,9.47,6,REGULAR,REGULAR,NYSE,10247
AMCR,20250717 09:30:31.214000,0,9.46,102,9.47,6,REGULAR,REGULAR,NYSE,10247
AMCR,20250717 09:30:31.214000,0,9.46,102,9.47,6,REGULAR,REGULAR,NYSE,10247
AMCR,20250717 09:30:31.214000,0,9.46,102,9.47,6,REGULAR,REGULAR,NYSE,10247
AMCR,20250717 09:30:31.223000,0,9.47,53,9.48,115,REGULAR,REGULAR,NYSE,10243
AMCR,20250717 09:30:31.223000,0,9.47,53,9.48,115,REGULAR,REGULAR,NYSE,10243
AMCR,20250717 09:30:31.223000,0,9.47,53,9.48,115,REGULAR,REGULAR,NYSE,10243
AMCR,20250717 09:30:31.223000,0,9.47,53,9.48,115,REGULAR,REGULAR,NYSE,10243
AMCR,20250717 09:30:31.223000,0,9.47,53,9.48,115,REGULAR,REGULAR,NYSE,10243
AMCR,20250717 09:30:31.223000,0,9.47,53,9.48,115,REGULAR,REGULAR,NYSE,10243
AMCR,20250717 09:30:31.223000,0,9.47,53,9.48,115,REGULAR,REGULAR,NYSE,10243
AMCR,20250717 09:30:31.223000,0,9.47,53,9.48,115,REGULAR,REGULAR,NYSE,10243
AMCR,20250717 09:30:31.223000,0,9.47,53,9.48,115,REGULAR,REGULAR,NYSE,10243
AMCR,20250717 09:30:31.223000,0,9.47,53,9.48,115,REGULAR,REGULAR,NYSE,10243
AMCR,20250717 09:30:31.223000,0,9.47,53,9.48,115,REGULAR,REGULAR,NYSE,10243
AMCR,20250717 09:30:31.223000,0,9.47,53,9.48,115,REGULAR,REGULAR,NYSE,10243
AMCR,20250717 09:30:31.223000,0,9.47,53,9.48,115,REGULAR,REGULAR,NYSE,10243
AMCR,20250717 09:30:31.223000,0,9.47,53,9.48,115,REGULAR,REGULAR,NYSE,10243
AMCR,20250717 09:30:31.224000,0,9.47,56,9.48,103,REGULAR,REGULAR,NYSE,10243
AMCR,20250717 09:30:31.319000,0,9.47,63,9.48,103,REGULAR,REGULAR,NYSE,10243
AMCR,20250717 09:30:32.745000,0,9.47,63,9.48,15,REGULAR,REGULAR,NYSE,10243
AMCR,20250717 09:30:34.238000,0,9.47,64,9.48,15,REGULAR,REGULAR,NYSE,10243
AMCR,20250717 09:30:34.238000,0,9.47,64,9.48,15,REGULAR,REGULAR,NYSE,10243
AMCR,20250717 09:30:34.244000,0,9.47,64,9.48,15,REGULAR,REGULAR,NYSE,10243
AMCR,20250717 09:30:34.326000,0,9.47,64,9.48,15,REGULAR,REGULAR,NYSE,10243
AMCR,20250717 09:30:36.526000,0,9.47,64,9.48,19,REGULAR,REGULAR,NYSE,10243
AMCR,20250717 09:30:36.536000,0,9.47,114,9.48,18,REGULAR,REGULAR,NYSE,10243
AMCR,20250717 09:30:36.538000,0,9.47,57,9.48,18,REGULAR,REGULAR,NYSE,10243
AMCR,20250717 09:30:36.538000,0,9.47,57,9.48,18,REGULAR,REGULAR,NYSE,10243
AMCR,20250717 09:30:38.742000,0,9.47,57,9.48,22,REGULAR,REGULAR,NYSE,10243
AMCR,20250717 09:30:41.748000,0,9.47,57,9.48,18,REGULAR,REGULAR,NYSE,10243
AMCR,20250717 09:30:41.870000,0,9.47,57,9.48,18,REGULAR,REGULAR,NYSE,10243
AMCR,20250717 09:30:44.696000,0,9.47,57,9.48,18,REGULAR,REGULAR,NYSE,10243
AMCR,20250717 09:30:47.837000,0,9.47,57,9.48,24,REGULAR,REGULAR,NYSE,10308
AMCR,20250717 09:30:49.142000,0,9.47,57,9.48,51,REGULAR,REGULAR,NYSE,10243
AMCR,20250717 09:30:49.142000,0,9.47,57,9.48,51,REGULAR,REGULAR,NYSE,10243
AMCR,20250717 09:30:49.144000,0,9.47,1,9.47,61,REGULAR,REGULAR,BATS,10243
AMCR,20250717 09:30:49.144000,0,9.47,1,9.47,61,REGULAR,REGULAR,BATS,10243
AMCR,20250717 09:30:49.144000,0,9.47,1,9.47,61,REGULAR,REGULAR,BATS,10243
AMCR,20250717 09:30:49.144000,0,9.47,1,9.47,61,REGULAR,REGULAR,BATS,10243
AMCR,20250717 09:30:49.144000,0,9.47,1,9.47,61,REGULAR,REGULAR,BATS,10243
AMCR,20250717 09:30:49.144000,0,9.47,1,9.47,61,REGULAR,REGULAR,BATS,10243
AMCR,20250717 09:30:49.144000,0,9.47,1,9.47,61,REGULAR,REGULAR,BATS,10243
AMCR,20250717 09:30:49.144000,0,9.47,1,9.47,61,REGULAR,REGULAR,BATS,10243
AMCR,20250717 09:30:49.144000,0,9.47,1,9.47,61,REGULAR,REGULAR,BATS,10243
AMCR,20250717 09:30:49.144000,0,9.47,1,9.47,61,REGULAR,REGULAR,BATS,10243
AMCR,20250717 09:30:49.144000,0,9.47,1,9.47,61,REGULAR,REGULAR,BATS,10243
AMCR,20250717 09:30:49.144000,0,9.47,1,9.47,61,REGULAR,REGULAR,BATS,10243
AMCR,20250717 09:30:49.144000,0,9.47,1,9.47,61,REGULAR,REGULAR,BATS,10243
AMCR,20250717 09:30:49.144000,0,9.47,1,9.47,61,REGULAR,REGULAR,BATS,10243
AMCR,20250717 09:30:49.144000,0,9.47,1,9.47,61,REGULAR,REGULAR,BATS,10243
AMCR,20250717 09:30:49.144000,0,9.47,1,9.47,61,REGULAR,REGULAR,BATS,10243
AMCR,20250717 09:30:49.144000,0,9.47,1,9.47,61,REGULAR,REGULAR,BATS,10243
AMCR,20250717 09:30:49.144000,0,9.47,1,9.47,61,REGULAR,REGULAR,BATS,10243
AMCR,20250717 09:30:49.144000,0,9.47,1,9.47,61,REGULAR,REGULAR,BATS,10243
AMCR,20250717 09:30:49.144000,0,9.47,1,9.47,61,REGULAR,REGULAR,BATS,10243
AMCR,20250717 09:30:49.144000,0,9.47,1,9.47,61,REGULAR,REGULAR,BATS,10243
AMCR,20250717 09:30:49.144000,0,9.47,1,9.47,61,REGULAR,REGULAR,BATS,10243
AMCR,20250717 09:30:49.145000,0,9.46,71,9.47,17,REGULAR,REGULAR,NYSE,10243
AMCR,20250717 09:30:49.145000,0,9.46,71,9.47,17,REGULAR,REGULAR,NYSE,10243
AMCR,20250717 09:30:49.145000,0,9.46,71,9.47,17,REGULAR,REGULAR,NYSE,10243
AMCR,20250717 09:30:49.146000,0,9.46,121,9.47,17,REGULAR,REGULAR,NYSE,10243
AMCR,20250717 09:30:49.151000,0,9.46,121,9.47,17,REGULAR,REGULAR,NYSE,10243
AMCR,20250717 09:30:49.152000,0,9.46,121,9.47,17,REGULAR,REGULAR,NYSE,10243
AMCR,20250717 09:30:49.159000,0,9.46,128,9.47,53,REGULAR,REGULAR,NYSE,10243
AMCR,20250717 09:30:49.159000,0,9.46,128,9.47,53,REGULAR,REGULAR,NYSE,10243
AMCR,20250717 09:30:49.160000,0,9.46,128,9.47,53,REGULAR,REGULAR,NYSE,10243
AMCR,20250717 09:30:49.160000,0,9.46,128,9.47,53,REGULAR,REGULAR,NYSE,10243
AMCR,20250717 09:30:49.167000,0,9.46,78,9.47,53,REGULAR,REGULAR,NYSE,10243
AMCR,20250717 09:30:49.544000,0,9.46,78,9.47,23,REGULAR,REGULAR,NYSE,10243
AMCR,20250717 09:30:49.866000,0,9.46,78,9.47,29,REGULAR,REGULAR,NYSE,10241
AMCR,20250717 09:30:49.866000,0,9.46,78,9.47,29,REGULAR,REGULAR,NYSE,10241
AMCR,20250717 09:30:49.866000,0,9.46,78,9.47,29,REGULAR,REGULAR,NYSE,10241
AMCR,20250717 09:30:52.362000,0,9.46,25,9.47,53,REGULAR,REGULAR,IEX,10243
AMCR,20250717 09:30:53.745000,0,9.46,29,9.47,23,REGULAR,REGULAR,NYSE,10243
AMCR,20250717 09:30:53.761000,0,9.46,29,9.47,23,REGULAR,REGULAR,NYSE,10243
AMCR,20250717 09:30:54.738000,0,9.46,29,9.47,23,REGULAR,REGULAR,NYSE,10243
AMCR,20250717 09:30:59.741000,0,9.46,74,9.47,29,REGULAR,REGULAR,NYSE,10243
AMCR,20250717 09:30:59.742000,0,9.46,124,9.47,29,REGULAR,REGULAR,NYSE,10243
AMCR,20250717 09:31:00.854000,0,9.46,74,9.47,29,REGULAR,REGULAR,NYSE,10243
AMCR,20250717 09:31:00.945000,0,9.46,74,9.47,29,REGULAR,REGULAR,NYSE,10243
AMCR,20250717 09:31:02.623000,0,9.46,74,9.47,29,REGULAR,REGULAR,NYSE,10243
AMCR,20250717 09:31:02.623000,0,9.46,74,9.47,29,REGULAR,REGULAR,NYSE,10243
AMCR,20250717 09:31:02.623000,0,9.46,74,9.47,29,REGULAR,REGULAR,NYSE,10243
AMCR,20250717 09:31:02.623000,0,9.46,74,9.47,29,REGULAR,REGULAR,NYSE,10243
AMCR,20250717 09:31:03.809000,0,9.46,74,9.47,29,REGULAR,REGULAR,NYSE,10243
AMCR,20250717 09:31:04.112000,0,9.46,124,9.47,29,REGULAR,REGULAR,NYSE,10243
AMCR,20250717 09:31:04.960000,0,9.46,124,9.47,29,REGULAR,REGULAR,NYSE,10243
AMCR,20250717 09:31:04.960000,0,9.46,124,9.47,29,REGULAR,REGULAR,NYSE,10243
AMCR,20250717 09:31:04.964000,0,9.46,130,9.47,20,REGULAR,REGULAR,NYSE,10241
AMCR,20250717 09:31:04.964000,0,9.46,130,9.47,20,REGULAR,REGULAR,NYSE,10241
AMCR,20250717 09:31:04.964000,0,9.46,130,9.47,20,REGULAR,REGULAR,NYSE,10241
AMCR,20250717 09:31:04.964000,0,9.46,130,9.47,20,REGULAR,REGULAR,NYSE,10241
AMCR,20250717 09:31:04.965000,0,9.47,95,9.48,55,REGULAR,REGULAR,NYSE,10243
AMCR,20250717 09:31:04.965000,0,9.47,95,9.48,55,REGULAR,REGULAR,NYSE,10243
AMCR,20250717 09:31:04.965000,0,9.47,95,9.48,55,REGULAR,REGULAR,NYSE,10243
AMCR,20250717 09:31:06.695000,0,9.47,21,9.48,131,REGULAR,REGULAR,BATS,10243
AMCR,20250717 09:31:06.695000,0,9.47,21,9.48,131,REGULAR,REGULAR,BATS,10243
AMCR,20250717 09:31:06.695000,0,9.47,21,9.48,131,REGULAR,REGULAR,BATS,10243
AMCR,20250717 09:31:06.695000,0,9.47,21,9.48,131,REGULAR,REGULAR,BATS,10243
AMCR,20250717 09:31:06.695000,0,9.47,21,9.48,131,REGULAR,REGULAR,BATS,10243
AMCR,20250717 09:31:06.695000,0,9.47,21,9.48,131,REGULAR,REGULAR,BATS,10243
AMCR,20250717 09:31:06.695000,0,9.47,21,9.48,131,REGULAR,REGULAR,BATS,10243
AMCR,20250717 09:31:06.695000,0,9.47,21,9.48,131,REGULAR,REGULAR,BATS,10243
AMCR,20250717 09:31:06.695000,0,9.47,21,9.48,131,REGULAR,REGULAR,BATS,10243
AMCR,20250717 09:31:06.695000,0,9.47,21,9.48,131,REGULAR,REGULAR,BATS,10243
AMCR,20250717 09:31:06.695000,0,9.47,21,9.48,131,REGULAR,REGULAR,BATS,10243
AMCR,20250717 09:31:06.695000,0,9.47,21,9.48,131,REGULAR,REGULAR,BATS,10243
AMCR,20250717 09:31:06.695000,0,9.47,21,9.48,131,REGULAR,REGULAR,BATS,10243
AMCR,20250717 09:31:06.695000,0,9.47,21,9.48,131,REGULAR,REGULAR,BATS,10243
AMCR,20250717 09:31:06.695000,0,9.47,21,9.48,131,REGULAR,REGULAR,BATS,10243
AMCR,20250717 09:31:06.695000,0,9.47,21,9.48,131,REGULAR,REGULAR,BATS,10243
AMCR,20250717 09:31:06.695000,0,9.47,21,9.48,131,REGULAR,REGULAR,BATS,10243
AMCR,20250717 09:31:06.695000,0,9.47,21,9.48,131,REGULAR,REGULAR,BATS,10243
AMCR,20250717 09:31:06.695000,0,9.47,21,9.48,131,REGULAR,REGULAR,BATS,10243
AMCR,20250717 09:31:06.695000,0,9.47,21,9.48,131,REGULAR,REGULAR,BATS,10243
AMCR,20250717 09:31:06.695000,0,9.47,21,9.48,131,REGULAR,REGULAR,BATS,10243
AMCR,20250717 09:31:06.696000,0,9.47,23,9.48,131,REGULAR,REGULAR,BATS,10243
AMCR,20250717 09:31:06.696000,0,9.47,23,9.48,131,REGULAR,REGULAR,BATS,10243
AMCR,20250717 09:31:06.705000,0,9.47,21,9.48,81,REGULAR,REGULAR,NYSE,10243
AMCR,20250717 09:31:06.710000,0,9.47,34,9.48,72,REGULAR,REGULAR,NYSE,10243
AMCR,20250717 09:31:06.710000,0,9.47,34,9.48,72,REGULAR,REGULAR,NYSE,10243
AMCR,20250717 09:31:07.072000,0,9.47,25,9.48,72,REGULAR,REGULAR,IEX,10243
AMCR,20250717 09:31:07.729000,0,9.47,28,9.48,29,REGULAR,REGULAR,NYSE,10243
AMCR,20250717 09:31:08.952000,0,9.47,29,9.48,29,REGULAR,REGULAR,NYSE,10243
AMCR,20250717 09:31:11.754000,0,9.47,29,9.48,27,REGULAR,REGULAR,NYSE,10243
AMCR,20250717 09:31:14.747000,0,9.47,86,9.48,24,REGULAR,REGULAR,NYSE,10243
AMCR,20250717 09:31:17.751000,0,9.47,120,9.48,23,REGULAR,REGULAR,NYSE,10243
AMCR,20250717 09:31:20.226000,0,9.47,55,9.48,23,REGULAR,REGULAR,IEX,10243
AMCR,20250717 09:31:20.780000,0,9.47,55,9.48,23,REGULAR,REGULAR,IEX,10243
AMCR,20250717 09:31:24.710000,0,9.48,61,9.48,2,REGULAR,REGULAR,NYSE,10308
AMCR,20250717 09:31:24.710000,0,9.48,61,9.48,2,REGULAR,REGULAR,NYSE,10308
AMCR,20250717 09:31:24.710000,0,9.48,61,9.48,2,REGULAR,REGULAR,NYSE,10308
AMCR,20250717 09:31:24.710000,0,9.48,61,9.48,2,REGULAR,REGULAR,NYSE,10308
AMCR,20250717 09:31:24.710000,0,9.48,61,9.48,2,REGULAR,REGULAR,NYSE,10308
AMCR,20250717 09:31:24.710000,0,9.48,61,9.48,2,REGULAR,REGULAR,NYSE,10308
AMCR,20250717 09:31:24.710000,0,9.48,61,9.48,2,REGULAR,REGULAR,NYSE,10308
AMCR,20250717 09:31:24.717000,0,9.48,71,9.49,61,REGULAR,REGULAR,NYSE,10243
AMCR,20250717 09:31:24.720000,0,9.48,71,9.49,66,REGULAR,REGULAR,NYSE,10243
AMCR,20250717 09:31:25.701000,0,9.48,86,9.49,92,REGULAR,REGULAR,NYSE,10243
AMCR,20250717 09:31:27.901000,0,9.48,36,9.49,78,REGULAR,REGULAR,NYSE,10243
AMCR,20250717 09:31:27.902000,0,9.48,36,9.49,78,REGULAR,REGULAR,NYSE,10243
AMCR,20250717 09:31:27.955000,0,9.48,26,9.49,78,REGULAR,REGULAR,IEX,10243
AMCR,20250717 09:31:29.493000,0,9.48,53,9.49,79,REGULAR,REGULAR,MEMX,10243
AMCR,20250717 09:31:32.749000,0,9.48,51,9.49,48,REGULAR,REGULAR,MEMX,10243
AMCR,20250717 09:31:33.397000,0,9.48,26,9.49,98,REGULAR,REGULAR,IEX,10243
AMCR,20250717 09:31:33.397000,0,9.48,26,9.49,98,REGULAR,REGULAR,IEX,10243
AMCR,20250717 09:31:33.397000,0,9.48,26,9.49,98,REGULAR,REGULAR,IEX,10243
AMCR,20250717 09:31:33.397000,0,9.48,26,9.49,98,REGULAR,REGULAR,IEX,10243
AMCR,20250717 09:31:33.397000,0,9.48,26,9.49,98,REGULAR,REGULAR,IEX,10243
AMCR,20250717 09:31:33.397000,0,9.48,26,9.49,98,REGULAR,REGULAR,IEX,10243
AMCR,20250717 09:31:33.397000,0,9.48,26,9.49,98,REGULAR,REGULAR,IEX,10243
AMCR,20250717 09:31:33.397000,0,9.48,26,9.49,98,REGULAR,REGULAR,IEX,10243
AMCR,20250717 09:31:33.397000,0,9.48,26,9.49,98,REGULAR,REGULAR,IEX,10243
AMCR,20250717 09:31:33.397000,0,9.48,26,9.49,98,REGULAR,REGULAR,IEX,10243
AMCR,20250717 09:31:33.398000,0,9.48,18,9.49,105,REGULAR,REGULAR,IEX,10308
AMCR,20250717 09:31:33.398000,0,9.48,18,9.49,105,REGULAR,REGULAR,IEX,10308
AMCR,20250717 09:31:33.400000,0,9.48,16,9.49,105,REGULAR,REGULAR,IEX,10308
AMCR,20250717 09:31:33.401000,0,9.48,19,9.49,111,REGULAR,REGULAR,NYSE,10243
AMCR,20250717 09:31:33.401000,0,9.48,19,9.49,111,REGULAR,REGULAR,NYSE,10243
AMCR,20250717 09:31:33.401000,0,9.48,19,9.49,111,REGULAR,REGULAR,NYSE,10243
AMCR,20250717 09:31:33.401000,0,9.48,19,9.49,111,REGULAR,REGULAR,NYSE,10243
AMCR,20250717 09:31:33.401000,0,9.48,19,9.49,111,REGULAR,REGULAR,NYSE,10243
AMCR,20250717 09:31:33.401000,0,9.48,19,9.49,111,REGULAR,REGULAR,NYSE,10243
AMCR,20250717 09:31:33.402000,0,9.48,19,9.49,111,REGULAR,REGULAR,NYSE,10243
AMCR,20250717 09:31:33.402000,0,9.48,19,9.49,111,REGULAR,REGULAR,NYSE,10243
AMCR,20250717 09:31:33.402000,0,9.48,19,9.49,111,REGULAR,REGULAR,NYSE,10243
AMCR,20250717 09:31:33.402000,0,9.48,19,9.49,111,REGULAR,REGULAR,NYSE,10243
AMCR,20250717 09:31:33.402000,0,9.48,19,9.49,111,REGULAR,REGULAR,NYSE,10243
AMCR,20250717 09:31:33.402000,0,9.48,19,9.49,111,REGULAR,REGULAR,NYSE,10243
AMCR,20250717 09:31:33.402000,0,9.48,19,9.49,111,REGULAR,REGULAR,NYSE,10243
AMCR,20250717 09:31:33.405000,0,9.48,19,9.49,111,REGULAR,REGULAR,NYSE,10243
AMCR,20250717 09:31:33.506000,0,9.48,26,9.49,114,REGULAR,REGULAR,NYSE,10243
AMCR,20250717 09:31:35.464000,0,9.48,10,9.49,64,REGULAR,REGULAR,NYSE,10243
AMCR,20250717 09:31:35.468000,0,9.48,10,9.49,64,REGULAR,REGULAR,NYSE,10243
AMCR,20250717 09:31:35.561000,0,9.48,10,9.49,64,REGULAR,REGULAR,NYSE,10243
AMCR,20250717 09:31:35.594000,0,9.48,10,9.49,64,REGULAR,REGULAR,NYSE,10243
AMCR,20250717 09:31:35.760000,0,9.48,8,9.49,64,REGULAR,REGULAR,PACF,10243
AMCR,20250717 09:31:35.760000,0,9.48,8,9.49,64,REGULAR,REGULAR,PACF,10243
AMCR,20250717 09:31:35.761000,0,9.47,79,9.48,29,REGULAR,REGULAR,NYSE,10243
AMCR,20250717 09:31:35.761000,0,9.47,79,9.48,29,REGULAR,REGULAR,NYSE,10243
AMCR,20250717 09:31:35.761000,0,9.47,79,9.48,29,REGULAR,REGULAR,NYSE,10243
AMCR,20250717 09:31:35.761000,0,9.47,79,9.48,29,REGULAR,REGULAR,NYSE,10243
AMCR,20250717 09:31:35.761000,0,9.47,79,9.48,29,REGULAR,REGULAR,NYSE,10243
AMCR,20250717 09:31:35.761000,0,9.47,79,9.48,29,REGULAR,REGULAR,NYSE,10243
AMCR,20250717 09:31:35.761000,0,9.47,79,9.48,29,REGULAR,REGULAR,NYSE,10243
AMCR,20250717 09:31:35.761000,0,9.47,79,9.48,29,REGULAR,REGULAR,NYSE,10243
AMCR,20250717 09:31:35.761000,0,9.47,79,9.48,29,REGULAR,REGULAR,NYSE,10243
AMCR,20250717 09:31:35.761000,0,9.47,79,9.48,29,REGULAR,REGULAR,NYSE,10243
AMCR,20250717 09:31:35.761000,0,9.47,79,9.48,29,REGULAR,REGULAR,NYSE,10243
AMCR,20250717 09:31:35.761000,0,9.47,79,9.48,29,REGULAR,REGULAR,NYSE,10243
AMCR,20250717 09:31:35.761000,0,9.47,79,9.48,29,REGULAR,REGULAR,NYSE,10243
AMCR,20250717 09:31:35.761000,0,9.47,79,9.48,29,REGULAR,REGULAR,NYSE,10243
AMCR,20250717 09:31:35.761000,0,9.47,79,9.48,29,REGULAR,REGULAR,NYSE,10243
AMCR,20250717 09:31:35.761000,0,9.47,79,9.48,29,REGULAR,REGULAR,NYSE,10243
AMCR,20250717 09:31:35.761000,0,9.47,79,9.48,29,REGULAR,REGULAR,NYSE,10243
AMCR,20250717 09:31:35.762000,0,9.47,79,9.48,22,REGULAR,REGULAR,NYSE,10243
AMCR,20250717 09:31:35.762000,0,9.47,79,9.48,22,REGULAR,REGULAR,NYSE,10243
AMCR,20250717 09:31:35.762000,0,9.47,79,9.48,22,REGULAR,REGULAR,NYSE,10243
AMCR,20250717 09:31:35.762000,0,9.47,79,9.48,22,REGULAR,REGULAR,NYSE,10243
AMCR,20250717 09:31:35.762000,0,9.47,79,9.48,22,REGULAR,REGULAR,NYSE,10243
AMCR,20250717 09:31:35.775000,0,9.47,79,9.48,48,REGULAR,REGULAR,NYSE,10243
AMCR,20250717 09:31:35.775000,0,9.47,79,9.48,48,REGULAR,REGULAR,NYSE,10243
AMCR,20250717 09:31:35.775000,0,9.47,79,9.48,48,REGULAR,REGULAR,NYSE,10243
AMCR,20250717 09:31:35.776000,0,9.47,79,9.48,48,REGULAR,REGULAR,NYSE,10243
AMCR,20250717 09:31:36.013000,0,9.47,79,9.48,22,REGULAR,REGULAR,NYSE,10243
AMCR,20250717 09:31:36.430000,0,9.47,60,9.48,22,REGULAR,REGULAR,NYSE,10243
AMCR,20250717 09:31:36.551000,0,9.47,75,9.48,22,REGULAR,REGULAR,NYSE,10243
AMCR,20250717 09:31:36.551000,0,9.47,75,9.48,22,REGULAR,REGULAR,NYSE,10243
AMCR,20250717 09:31:36.568000,0,9.47,75,9.48,22,REGULAR,REGULAR,NYSE,10243
AMCR,20250717 09:31:41.747000,0,9.47,39,9.48,22,REGULAR,REGULAR,IEX,10243
AMCR,20250717 09:31:42.062000,0,9.47,87,9.48,33,REGULAR,REGULAR,NYSE,10243
AMCR,20250717 09:31:42.109000,0,9.47,87,9.48,33,REGULAR,REGULAR,NYSE,10243
AMCR,20250717 09:31:43.438000,0,9.47,33,9.48,33,REGULAR,REGULAR,NYSE,10243
AMCR,20250717 09:31:44.749000,0,9.47,33,9.48,33,REGULAR,REGULAR,NYSE,10243
AMCR,20250717 09:31:46.507000,0,9.47,33,9.48,33,REGULAR,REGULAR,NYSE,10243
AMCR,20250717 09:31:47.344000,0,9.48,61,9.49,64,REGULAR,REGULAR,NYSE,10243
AMCR,20250717 09:31:47.344000,0,9.48,61,9.49,64,REGULAR,REGULAR,NYSE,10243
AMCR,20250717 09:31:47.344000,0,9.48,61,9.49,64,REGULAR,REGULAR,NYSE,10243
AMCR,20250717 09:31:47.344000,0,9.48,61,9.49,64,REGULAR,REGULAR,NYSE,10243
AMCR,20250717 09:31:47.344000,0,9.48,61,9.49,64,REGULAR,REGULAR,NYSE,10243
AMCR,20250717 09:31:47.345000,0,9.49,15,9.5,131,REGULAR,REGULAR,NYSE,10243
AMCR,20250717 09:31:47.345000,0,9.49,15,9.5,131,REGULAR,REGULAR,NYSE,10243
AMCR,20250717 09:31:47.345000,0,9.49,15,9.5,131,REGULAR,REGULAR,NYSE,10243
AMCR,20250717 09:31:47.345000,0,9.49,15,9.5,131,REGULAR,REGULAR,NYSE,10243
AMCR,20250717 09:31:47.345000,0,9.49,15,9.5,131,REGULAR,REGULAR,NYSE,10243
AMCR,20250717 09:31:47.345000,0,9.49,15,9.5,131,REGULAR,REGULAR,NYSE,10243
AMCR,20250717 09:31:47.345000,0,9.49,15,9.5,131,REGULAR,REGULAR,NYSE,10243
AMCR,20250717 09:31:47.345000,0,9.49,15,9.5,131,REGULAR,REGULAR,NYSE,10243
AMCR,20250717 09:31:47.345000,0,9.49,15,9.5,131,REGULAR,REGULAR,NYSE,10243
AMCR,20250717 09:31:47.345000,0,9.49,15,9.5,131,REGULAR,REGULAR,NYSE,10243
AMCR,20250717 09:31:47.345000,0,9.49,15,9.5,131,REGULAR,REGULAR,NYSE,10243
AMCR,20250717 09:31:47.345000,0,9.49,15,9.5,131,REGULAR,REGULAR,NYSE,10243
AMCR,20250717 09:31:47.345000,0,9.49,15,9.5,131,REGULAR,REGULAR,NYSE,10243
AMCR,20250717 09:31:47.345000,0,9.49,15,9.5,131,REGULAR,REGULAR,NYSE,10243
AMCR,20250717 09:31:47.345000,0,9.49,15,9.5,131,REGULAR,REGULAR,NYSE,10243
AMCR,20250717 09:31:47.345000,0,9.49,15,9.5,131,REGULAR,REGULAR,NYSE,10243
AMCR,20250717 09:31:47.345000,0,9.49,15,9.5,131,REGULAR,REGULAR,NYSE,10243
AMCR,20250717 09:31:47.345000,0,9.49,15,9.5,131,REGULAR,REGULAR,NYSE,10243
AMCR,20250717 09:31:47.345000,0,9.49,15,9.5,131,REGULAR,REGULAR,NYSE,10243
AMCR,20250717 09:31:47.345000,0,9.49,15,9.5,131,REGULAR,REGULAR,NYSE,10243
AMCR,20250717 09:31:47.345000,0,9.49,15,9.5,131,REGULAR,REGULAR,NYSE,10243
AMCR,20250717 09:31:47.345000,0,9.49,15,9.5,131,REGULAR,REGULAR,NYSE,10243
AMCR,20250717 09:31:47.345000,0,9.49,15,9.5,131,REGULAR,REGULAR,NYSE,10243
AMCR,20250717 09:31:47.345000,0,9.49,15,9.5,131,REGULAR,REGULAR,NYSE,10243
AMCR,20250717 09:31:47.345000,0,9.49,15,9.5,131,REGULAR,REGULAR,NYSE,10243
AMCR,20250717 09:31:47.345000,0,9.49,15,9.5,131,REGULAR,REGULAR,NYSE,10243
AMCR,20250717 09:31:47.345000,0,9.49,15,9.5,131,REGULAR,REGULAR,NYSE,10243
AMCR,20250717 09:31:47.345000,0,9.49,15,9.5,131,REGULAR,REGULAR,NYSE,10243
AMCR,20250717 09:31:47.345000,0,9.49,15,9.5,131,REGULAR,REGULAR,NYSE,10243
AMCR,20250717 09:31:47.345000,0,9.49,15,9.5,131,REGULAR,REGULAR,NYSE,10243
AMCR,20250717 09:31:47.345000,0,9.49,15,9.5,131,REGULAR,REGULAR,NYSE,10243
AMCR,20250717 09:31:47.345000,0,9.49,15,9.5,131,REGULAR,REGULAR,NYSE,10243
AMCR,20250717 09:31:47.345000,0,9.49,15,9.5,131,REGULAR,REGULAR,NYSE,10243
AMCR,20250717 09:31:47.346000,0,9.49,30,9.5,131,REGULAR,REGULAR,IEX,10243
AMCR,20250717 09:31:47.346000,0,9.49,30,9.5,131,REGULAR,REGULAR,IEX,10243
AMCR,20250717 09:31:47.346000,0,9.49,30,9.5,131,REGULAR,REGULAR,IEX,10243
AMCR,20250717 09:31:47.400000,0,9.49,50,9.5,153,REGULAR,REGULAR,NYSE,10243
AMCR,20250717 09:31:50.741000,0,9.49,35,9.5,111,REGULAR,REGULAR,NYSE,10243
AMCR,20250717 09:31:51.691000,0,9.49,39,9.5,111,REGULAR,REGULAR,NYSE,10243
AMCR,20250717 09:31:51.693000,0,9.49,39,9.5,111,REGULAR,REGULAR,NYSE,10243
AMCR,20250717 09:31:51.698000,0,9.49,39,9.5,111,REGULAR,REGULAR,NYSE,10243
AMCR,20250717 09:31:51.698000,0,9.49,39,9.5,111,REGULAR,REGULAR,NYSE,10243
AMCR,20250717 09:31:51.699000,0,9.49,39,9.5,111,REGULAR,REGULAR,NYSE,10243
AMCR,20250717 09:31:51.699000,0,9.49,39,9.5,111,REGULAR,REGULAR,NYSE,10243
AMCR,20250717 09:31:51.703000,0,9.49,39,9.5,111,REGULAR,REGULAR,NYSE,10243
AMCR,20250717 09:31:51.706000,0,9.49,39,9.5,111,REGULAR,REGULAR,NYSE,10243
AMCR,20250717 09:31:53.742000,0,9.49,39,9.5,111,REGULAR,REGULAR,NYSE,10243
AMCR,20250717 09:31:53.873000,0,9.49,39,9.5,122,REGULAR,REGULAR,NYSE,10243
AMCR,20250717 09:31:53.877000,0,9.49,39,9.5,122,REGULAR,REGULAR,NYSE,10243
AMCR,20250717 09:31:54.265000,0,9.48,128,9.49,80,REGULAR,REGULAR,NYSE,10243
AMCR,20250717 09:31:54.265000,0,9.48,128,9.49,80,REGULAR,REGULAR,NYSE,10243
AMCR,20250717 09:31:54.265000,0,9.48,128,9.49,80,REGULAR,REGULAR,NYSE,10243
AMCR,20250717 09:31:54.265000,0,9.48,128,9.49,80,REGULAR,REGULAR,NYSE,10243
AMCR,20250717 09:31:54.265000,0,9.48,128,9.49,80,REGULAR,REGULAR,NYSE,10243
AMCR,20250717 09:31:54.265000,0,9.48,128,9.49,80,REGULAR,REGULAR,NYSE,10243
AMCR,20250717 09:31:54.265000,0,9.48,128,9.49,80,REGULAR,REGULAR,NYSE,10243
AMCR,20250717 09:31:54.265000,0,9.48,128,9.49,80,REGULAR,REGULAR,NYSE,10243
AMCR,20250717 09:31:54.265000,0,9.48,128,9.49,80,REGULAR,REGULAR,NYSE,10243
AMCR,20250717 09:31:54.265000,0,9.48,128,9.49,80,REGULAR,REGULAR,NYSE,10243
AMCR,20250717 09:31:54.265000,0,9.48,128,9.49,80,REGULAR,REGULAR,NYSE,10243
AMCR,20250717 09:31:54.265000,0,9.48,128,9.49,80,REGULAR,REGULAR,NYSE,10243
AMCR,20250717 09:31:54.265000,0,9.48,128,9.49,80,REGULAR,REGULAR,NYSE,10243
AMCR,20250717 09:31:54.265000,0,9.48,128,9.49,80,REGULAR,REGULAR,NYSE,10243
AMCR,20250717 09:31:54.265000,0,9.48,128,9.49,80,REGULAR,REGULAR,NYSE,10243
AMCR,20250717 09:31:54.269000,0,9.48,128,9.49,87,REGULAR,REGULAR,NYSE,10243
AMCR,20250717 09:31:54.278000,0,9.48,78,9.49,143,REGULAR,REGULAR,NYSE,10243
AMCR,20250717 09:31:54.279000,0,9.48,78,9.49,143,REGULAR,REGULAR,NYSE,10243
AMCR,20250717 09:31:54.279000,0,9.48,78,9.49,143,REGULAR,REGULAR,NYSE,10243
AMCR,20250717 09:31:54.618000,0,9.48,78,9.49,138,REGULAR,REGULAR,NYSE,10243
AMCR,20250717 09:31:55.308000,0,9.48,78,9.49,134,REGULAR,REGULAR,NYSE,10243
AMCR,20250717 09:31:55.403000,0,9.48,78,9.49,134,REGULAR,REGULAR,NYSE,10243
AMCR,20250717 09:31:56.776000,0,9.48,78,9.49,134,REGULAR,REGULAR,NYSE,10243
AMCR,20250717 09:31:58.724000,0,9.48,79,9.49,28,REGULAR,REGULAR,NYSE,10243
AMCR,20250717 09:31:59.709000,0,9.48,79,9.49,28,REGULAR,REGULAR,NYSE,10243
AMCR,20250717 09:32:00.195000,0,9.48,50,9.49,60,REGULAR,REGULAR,NYSE,10243
AMCR,20250717 09:32:00.409000,0,9.48,36,9.49,60,REGULAR,REGULAR,BATS,10243
AMCR,20250717 09:32:01.306000,0,9.48,22,9.49,60,REGULAR,REGULAR,NYSE,10243
AMCR,20250717 09:32:01.388000,0,9.48,22,9.49,60,REGULAR,REGULAR,NYSE,10243
AMCR,20250717 09:32:01.531000,0,9.48,22,9.49,60,REGULAR,REGULAR,NYSE,10243
AMCR,20250717 09:32:03.051000,0,9.47,75,9.48,65,REGULAR,REGULAR,NYSE,10243
AMCR,20250717 09:32:03.051000,0,9.47,75,9.48,65,REGULAR,REGULAR,NYSE,10243
AMCR,20250717 09:32:03.051000,0,9.47,75,9.48,65,REGULAR,REGULAR,NYSE,10243
AMCR,20250717 09:32:03.051000,0,9.47,75,9.48,65,REGULAR,REGULAR,NYSE,10243
AMCR,20250717 09:32:03.051000,0,9.47,75,9.48,65,REGULAR,REGULAR,NYSE,10243
AMCR,20250717 09:32:03.051000,0,9.47,75,9.48,65,REGULAR,REGULAR,NYSE,10243
AMCR,20250717 09:32:03.051000,0,9.47,75,9.48,65,REGULAR,REGULAR,NYSE,10243
AMCR,20250717 09:32:03.051000,0,9.47,75,9.48,65,REGULAR,REGULAR,NYSE,10243
AMCR,20250717 09:32:03.051000,0,9.47,75,9.48,65,REGULAR,REGULAR,NYSE,10243
AMCR,20250717 09:32:03.051000,0,9.47,75,9.48,65,REGULAR,REGULAR,NYSE,10243
AMCR,20250717 09:32:03.051000,0,9.47,75,9.48,65,REGULAR,REGULAR,NYSE,10243
AMCR,20250717 09:32:03.051000,0,9.47,75,9.48,65,REGULAR,REGULAR,NYSE,10243
AMCR,20250717 09:32:03.051000,0,9.47,75,9.48,65,REGULAR,REGULAR,NYSE,10243
AMCR,20250717 09:32:03.051000,0,9.47,75,9.48,65,REGULAR,REGULAR,NYSE,10243
AMCR,20250717 09:32:03.051000,0,9.47,75,9.48,65,REGULAR,REGULAR,NYSE,10243
AMCR,20250717 09:32:03.051000,0,9.47,75,9.48,65,REGULAR,REGULAR,NYSE,10243
AMCR,20250717 09:32:03.053000,0,9.47,77,9.48,73,REGULAR,REGULAR,NYSE,10243
AMCR,20250717 09:32:03.053000,0,9.47,77,9.48,73,REGULAR,REGULAR,NYSE,10243
AMCR,20250717 09:32:03.054000,0,9.47,77,9.48,73,REGULAR,REGULAR,NYSE,10243
AMCR,20250717 09:32:03.057000,0,9.47,77,9.48,108,REGULAR,REGULAR,NYSE,10243
AMCR,20250717 09:32:03.075000,0,9.47,75,9.48,73,REGULAR,REGULAR,NYSE,10243
AMCR,20250717 09:32:03.075000,0,9.47,75,9.48,73,REGULAR,REGULAR,NYSE,10243
AMCR,20250717 09:32:03.075000,0,9.47,75,9.48,73,REGULAR,REGULAR,NYSE,10243
AMCR,20250717 09:32:03.076000,0,9.47,75,9.48,73,REGULAR,REGULAR,NYSE,10243
AMCR,20250717 09:32:03.076000,0,9.47,75,9.48,73,REGULAR,REGULAR,NYSE,10243
AMCR,20250717 09:32:03.077000,0,9.47,75,9.48,73,REGULAR,REGULAR,NYSE,10243
AMCR,20250717 09:32:03.792000,0,9.47,31,9.48,57,REGULAR,REGULAR,NYSE,10243
AMCR,20250717 09:32:04.053000,0,9.47,74,9.48,18,REGULAR,REGULAR,NYSE,10243
AMCR,20250717 09:32:04.054000,0,9.47,74,9.48,18,REGULAR,REGULAR,NYSE,10243
AMCR,20250717 09:32:04.056000,0,9.47,74,9.48,18,REGULAR,REGULAR,NYSE,10243
AMCR,20250717 09:32:04.108000,0,9.47,74,9.48,18,REGULAR,REGULAR,NYSE,10243
AMCR,20250717 09:32:08.154000,0,9.47,74,9.48,54,REGULAR,REGULAR,NYSE,10241
AMCR,20250717 09:32:08.874000,0,9.47,74,9.48,54,REGULAR,REGULAR,NYSE,10241
AMCR,20250717 09:32:10.709000,0,9.47,74,9.48,54,REGULAR,REGULAR,NYSE,10241
AMCR,20250717 09:32:13.837000,0,9.47,72,9.48,54,REGULAR,REGULAR,NYSE,10241
AMCR,20250717 09:32:15.109000,0,9.47,76,9.48,54,REGULAR,REGULAR,NYSE,10241
AMCR,20250717 09:32:15.835000,0,9.48,93,9.49,57,REGULAR,REGULAR,NYSE,10243
AMCR,20250717 09:32:15.835000,0,9.48,93,9.49,57,REGULAR,REGULAR,NYSE,10243
AMCR,20250717 09:32:15.835000,0,9.48,93,9.49,57,REGULAR,REGULAR,NYSE,10243
AMCR,20250717 09:32:15.835000,0,9.48,93,9.49,57,REGULAR,REGULAR,NYSE,10243
AMCR,20250717 09:32:15.835000,0,9.48,93,9.49,57,REGULAR,REGULAR,NYSE,10243
AMCR,20250717 09:32:15.835000,0,9.48,93,9.49,57,REGULAR,REGULAR,NYSE,10243
AMCR,20250717 09:32:15.835000,0,9.48,93,9.49,57,REGULAR,REGULAR,NYSE,10243
AMCR,20250717 09:32:15.835000,0,9.48,93,9.49,57,REGULAR,REGULAR,NYSE,10243
AMCR,20250717 09:32:15.874000,0,9.48,127,9.49,36,REGULAR,REGULAR,NYSE,10243
AMCR,20250717 09:32:15.914000,0,9.48,123,9.49,36,REGULAR,REGULAR,NYSE,10243
AMCR,20250717 09:32:17.822000,0,9.49,109,9.5,117,REGULAR,REGULAR,NYSE,10243
AMCR,20250717 09:32:17.822000,0,9.49,109,9.5,117,REGULAR,REGULAR,NYSE,10243
AMCR,20250717 09:32:17.822000,0,9.49,109,9.5,117,REGULAR,REGULAR,NYSE,10243
AMCR,20250717 09:32:20.754000,0,9.49,52,9.5,109,REGULAR,REGULAR,NYSE,10243
AMCR,20250717 09:32:23.823000,0,9.49,57,9.5,113,REGULAR,REGULAR,BATS,10243
AMCR,20250717 09:32:26.818000,0,9.49,57,9.5,94,REGULAR,REGULAR,BATS,10243
AMCR,20250717 09:32:26.819000,0,9.49,102,9.5,92,REGULAR,REGULAR,NYSE,10243
AMCR,20250717 09:32:26.819000,0,9.49,102,9.5,92,REGULAR,REGULAR,NYSE,10243
AMCR,20250717 09:32:26.819000,0,9.49,102,9.5,92,REGULAR,REGULAR,NYSE,10243
AMCR,20250717 09:32:26.819000,0,9.49,102,9.5,92,REGULAR,REGULAR,NYSE,10243
AMCR,20250717 09:32:26.819000,0,9.49,102,9.5,92,REGULAR,REGULAR,NYSE,10243
AMCR,20250717 09:32:29.741000,0,9.49,83,9.5,33,REGULAR,REGULAR,NYSE,10243
AMCR,20250717 09:32:29.742000,0,9.49,133,9.5,9,REGULAR,REGULAR,NYSE,10243
AMCR,20250717 09:32:29.742000,0,9.49,133,9.5,9,REGULAR,REGULAR,NYSE,10243
AMCR,20250717 09:32:29.746000,0,9.49,133,9.5,8,REGULAR,REGULAR,NYSE,10243
AMCR,20250717 09:32:30.528000,0,9.5,58,9.51,100,REGULAR,REGULAR,NYSE,10243
AMCR,20250717 09:32:30.528000,0,9.5,58,9.51,100,REGULAR,REGULAR,NYSE,10243
AMCR,20250717 09:32:30.528000,0,9.5,58,9.51,100,REGULAR,REGULAR,NYSE,10243
AMCR,20250717 09:32:30.528000,0,9.5,58,9.51,100,REGULAR,REGULAR,NYSE,10243
AMCR,20250717 09:32:30.528000,0,9.5,58,9.51,100,REGULAR,REGULAR,NYSE,10243
AMCR,20250717 09:32:30.528000,0,9.5,58,9.51,100,REGULAR,REGULAR,NYSE,10243
AMCR,20250717 09:32:30.528000,0,9.5,58,9.51,100,REGULAR,REGULAR,NYSE,10243
AMCR,20250717 09:32:30.528000,0,9.5,58,9.51,100,REGULAR,REGULAR,NYSE,10243
AMCR,20250717 09:32:30.528000,0,9.5,58,9.51,100,REGULAR,REGULAR,NYSE,10243
AMCR,20250717 09:32:30.528000,0,9.5,58,9.51,100,REGULAR,REGULAR,NYSE,10243
AMCR,20250717 09:32:30.528000,0,9.5,58,9.51,100,REGULAR,REGULAR,NYSE,10243
AMCR,20250717 09:32:30.528000,0,9.5,58,9.51,100,REGULAR,REGULAR,NYSE,10243
AMCR,20250717 09:32:30.528000,0,9.5,58,9.51,100,REGULAR,REGULAR,NYSE,10243
AMCR,20250717 09:32:30.531000,0,9.5,66,9.51,99,REGULAR,REGULAR,NYSE,10243
AMCR,20250717 09:32:32.826000,0,9.5,43,9.51,129,REGULAR,REGULAR,NYSE,10243
AMCR,20250717 09:32:35.818000,0,9.5,59,9.51,127,REGULAR,REGULAR,NYSE,10243
AMCR,20250717 09:32:36.508000,0,9.5,56,9.51,128,REGULAR,REGULAR,IEX,10243
AMCR,20250717 09:32:37.907000,0,9.5,58,9.51,119,REGULAR,REGULAR,IEX,10243
AMCR,20250717 09:32:37.917000,0,9.5,58,9.51,118,REGULAR,REGULAR,IEX,10243
AMCR,20250717 09:32:38.373000,0,9.5,141,9.51,120,REGULAR,REGULAR,NYSE,10243
AMCR,20250717 09:32:38.815000,0,9.5,141,9.51,119,REGULAR,REGULAR,NYSE,10243
AMCR,20250717 09:32:38.816000,0,9.51,91,9.52,47,REGULAR,REGULAR,NYSE,10243
AMCR,20250717 09:32:38.816000,0,9.51,91,9.52,47,REGULAR,REGULAR,NYSE,10243
AMCR,20250717 09:32:38.816000,0,9.51,91,9.52,47,REGULAR,REGULAR,NYSE,10243
AMCR,20250717 09:32:38.816000,0,9.51,91,9.52,47,REGULAR,REGULAR,NYSE,10243
AMCR,20250717 09:32:38.816000,0,9.51,91,9.52,47,REGULAR,REGULAR,NYSE,10243
AMCR,20250717 09:32:38.816000,0,9.51,91,9.52,47,REGULAR,REGULAR,NYSE,10243
AMCR,20250717 09:32:38.816000,0,9.51,91,9.52,47,REGULAR,REGULAR,NYSE,10243
AMCR,20250717 09:32:38.816000,0,9.51,91,9.52,47,REGULAR,REGULAR,NYSE,10243
AMCR,20250717 09:32:38.816000,0,9.51,91,9.52,47,REGULAR,REGULAR,NYSE,10243
AMCR,20250717 09:32:38.816000,0,9.51,91,9.52,47,REGULAR,REGULAR,NYSE,10243
AMCR,20250717 09:32:38.816000,0,9.51,91,9.52,47,REGULAR,REGULAR,NYSE,10243
AMCR,20250717 09:32:38.816000,0,9.51,91,9.52,47,REGULAR,REGULAR,NYSE,10243
AMCR,20250717 09:32:38.954000,0,9.51,88,9.52,90,REGULAR,REGULAR,NYSE,10241
AMCR,20250717 09:32:40.412000,0,9.51,23,9.52,75,REGULAR,REGULAR,BATS,10241
AMCR,20250717 09:32:40.412000,0,9.51,23,9.52,75,REGULAR,REGULAR,BATS,10241
AMCR,20250717 09:32:40.412000,0,9.51,23,9.52,75,REGULAR,REGULAR,BATS,10241
AMCR,20250717 09:32:40.412000,0,9.51,23,9.52,75,REGULAR,REGULAR,BATS,10241
AMCR,20250717 09:32:40.413000,0,9.5,86,9.51,35,REGULAR,REGULAR,NYSE,10243
AMCR,20250717 09:32:40.413000,0,9.5,86,9.51,35,REGULAR,REGULAR,NYSE,10243
AMCR,20250717 09:32:40.413000,0,9.5,86,9.51,35,REGULAR,REGULAR,NYSE,10243
AMCR,20250717 09:32:40.413000,0,9.5,86,9.51,35,REGULAR,REGULAR,NYSE,10243
AMCR,20250717 09:32:40.413000,0,9.5,86,9.51,35,REGULAR,REGULAR,NYSE,10243
AMCR,20250717 09:32:40.413000,0,9.5,86,9.51,35,REGULAR,REGULAR,NYSE,10243
AMCR,20250717 09:32:40.413000,0,9.5,86,9.51,35,REGULAR,REGULAR,NYSE,10243
AMCR,20250717 09:32:40.413000,0,9.5,86,9.51,35,REGULAR,REGULAR,NYSE,10243
AMCR,20250717 09:32:40.413000,0,9.5,86,9.51,35,REGULAR,REGULAR,NYSE,10243
AMCR,20250717 09:32:40.413000,0,9.5,86,9.51,35,REGULAR,REGULAR,NYSE,10243
AMCR,20250717 09:32:40.413000,0,9.5,86,9.51,35,REGULAR,REGULAR,NYSE,10243
AMCR,20250717 09:32:40.414000,0,9.5,86,9.51,35,REGULAR,REGULAR,NYSE,10243
AMCR,20250717 09:32:40.416000,0,9.5,132,9.51,17,REGULAR,REGULAR,NYSE,10247
AMCR,20250717 09:32:40.416000,0,9.5,132,9.51,17,REGULAR,REGULAR,NYSE,10247
AMCR,20250717 09:32:40.416000,0,9.5,132,9.51,17,REGULAR,REGULAR,NYSE,10247
AMCR,20250717 09:32:40.416000,0,9.5,132,9.51,17,REGULAR,REGULAR,NYSE,10247
AMCR,20250717 09:32:40.416000,0,9.5,132,9.51,17,REGULAR,REGULAR,NYSE,10247
AMCR,20250717 09:32:41.336000,0,9.5,85,9.51,77,REGULAR,REGULAR,NYSE,10243
AMCR,20250717 09:32:41.336000,0,9.5,85,9.51,77,REGULAR,REGULAR,NYSE,10243
AMCR,20250717 09:32:49.178000,0,9.5,85,9.51,30,REGULAR,REGULAR,NYSE,10243
AMCR,20250717 09:32:58.719000,0,9.5,38,9.51,64,REGULAR,REGULAR,NYSE,10243
AMCR,20250717 09:32:58.719000,0,9.5,38,9.51,64,REGULAR,REGULAR,NYSE,10243
AMCR,20250717 09:32:58.750000,0,9.5,38,9.51,64,REGULAR,REGULAR,NYSE,10243
AMCR,20250717 09:33:11.538000,0,9.5,99,9.51,11,REGULAR,REGULAR,NYSE,10243
AMCR,20250717 09:33:12.208000,0,9.5,99,9.51,11,REGULAR,REGULAR,NYSE,10243
AMCR,20250717 09:33:12.691000,0,9.5,99,9.51,11,REGULAR,REGULAR,NYSE,10243
AMCR,20250717 09:33:12.703000,0,9.5,99,9.51,11,REGULAR,REGULAR,NYSE,10243
AMCR,20250717 09:33:14.767000,0,9.5,99,9.51,11,REGULAR,REGULAR,NYSE,10243
AMCR,20250717 09:33:14.828000,0,9.5,99,9.51,11,REGULAR,REGULAR,NYSE,10243
AMCR,20250717 09:33:14.831000,0,9.51,11,9.52,130,REGULAR,REGULAR,NYSE,10243
AMCR,20250717 09:33:14.831000,0,9.51,11,9.52,130,REGULAR,REGULAR,NYSE,10243
AMCR,20250717 09:33:14.831000,0,9.51,11,9.52,130,REGULAR,REGULAR,NYSE,10243
AMCR,20250717 09:33:14.831000,0,9.51,11,9.52,130,REGULAR,REGULAR,NYSE,10243
AMCR,20250717 09:33:14.832000,0,9.51,19,9.52,131,REGULAR,REGULAR,NYSE,10243
AMCR,20250717 09:33:14.845000,0,9.51,14,9.52,190,REGULAR,REGULAR,NYSE,10243
AMCR,20250717 09:33:14.845000,0,9.51,14,9.52,190,REGULAR,REGULAR,NYSE,10243
AMCR,20250717 09:33:14.845000,0,9.51,14,9.52,190,REGULAR,REGULAR,NYSE,10243
AMCR,20250717 09:33:14.845000,0,9.51,14,9.52,190,REGULAR,REGULAR,NYSE,10243
AMCR,20250717 09:33:14.845000,0,9.51,14,9.52,190,REGULAR,REGULAR,NYSE,10243
AMCR,20250717 09:33:15.364000,0,9.51,28,9.52,199,REGULAR,REGULAR,NYSE,10243
AMCR,20250717 09:33:15.918000,0,9.51,28,9.52,200,REGULAR,REGULAR,NYSE,10243
AMCR,20250717 09:33:15.919000,0,9.51,28,9.52,199,REGULAR,REGULAR,NYSE,10243
AMCR,20250717 09:33:15.919000,0,9.51,28,9.52,199,REGULAR,REGULAR,NYSE,10243
AMCR,20250717 09:33:15.919000,0,9.51,28,9.52,199,REGULAR,REGULAR,NYSE,10243
AMCR,20250717 09:33:21.363000,0,9.51,28,9.52,135,REGULAR,REGULAR,NYSE,10243
AMCR,20250717 09:33:21.363000,0,9.51,28,9.52,135,REGULAR,REGULAR,NYSE,10243
AMCR,20250717 09:33:21.363000,0,9.51,28,9.52,135,REGULAR,REGULAR,NYSE,10243
AMCR,20250717 09:33:21.363000,0,9.51,28,9.52,135,REGULAR,REGULAR,NYSE,10243
AMCR,20250717 09:33:21.365000,0,9.51,28,9.52,108,REGULAR,REGULAR,NYSE,10243
AMCR,20250717 09:33:21.419000,0,9.51,28,9.52,108,REGULAR,REGULAR,NYSE,10243
AMCR,20250717 09:33:23.359000,0,9.51,28,9.52,99,REGULAR,REGULAR,NYSE,10243
AMCR,20250717 09:33:23.453000,0,9.51,28,9.52,99,REGULAR,REGULAR,NYSE,10243
AMCR,20250717 09:33:25.625000,0,9.51,28,9.52,101,REGULAR,REGULAR,NYSE,10243
AMCR,20250717 09:33:26.940000,0,9.51,41,9.52,158,REGULAR,REGULAR,NYSE,10243
AMCR,20250717 09:33:26.940000,0,9.51,41,9.52,158,REGULAR,REGULAR,NYSE,10243
AMCR,20250717 09:33:27.057000,0,9.51,27,9.52,220,REGULAR,REGULAR,NYSE,10243
AMCR,20250717 09:33:27.075000,0,9.51,27,9.52,211,REGULAR,REGULAR,NYSE,10243
AMCR,20250717 09:33:27.075000,0,9.51,27,9.52,211,REGULAR,REGULAR,NYSE,10243
AMCR,20250717 09:33:27.075000,0,9.51,27,9.52,211,REGULAR,REGULAR,NYSE,10243
AMCR,20250717 09:33:27.076000,0,9.51,27,9.52,211,REGULAR,REGULAR,NYSE,10243
AMCR,20250717 09:33:27.480000,0,9.51,27,9.52,211,REGULAR,REGULAR,NYSE,10243
AMCR,20250717 09:33:27.482000,0,9.51,27,9.52,211,REGULAR,REGULAR,NYSE,10243
AMCR,20250717 09:33:27.501000,0,9.51,27,9.52,211,REGULAR,REGULAR,NYSE,10243
AMCR,20250717 09:33:29.510000,0,9.51,27,9.52,122,REGULAR,REGULAR,NYSE,10243
AMCR,20250717 09:33:29.636000,0,9.51,27,9.52,200,REGULAR,REGULAR,NYSE,10243
AMCR,20250717 09:33:31.136000,0,9.51,27,9.52,200,REGULAR,REGULAR,NYSE,10243
AMCR,20250717 09:33:31.194000,0,9.51,27,9.52,200,REGULAR,REGULAR,NYSE,10243
AMCR,20250717 09:33:34.790000,0,9.51,27,9.52,151,REGULAR,REGULAR,NYSE,10243
AMCR,20250717 09:33:38.554000,0,9.51,17,9.52,160,REGULAR,REGULAR,NYSE,10243
AMCR,20250717 09:33:38.786000,0,9.51,17,9.52,210,REGULAR,REGULAR,NYSE,10243
AMCR,20250717 09:33:44.197000,0,9.51,18,9.52,130,REGULAR,REGULAR,NYSE,10243
AMCR,20250717 09:33:44.197000,0,9.51,18,9.52,130,REGULAR,REGULAR,NYSE,10243
AMCR,20250717 09:33:44.198000,0,9.51,18,9.52,114,REGULAR,REGULAR,NYSE,10243
AMCR,20250717 09:33:44.198000,0,9.51,18,9.52,114,REGULAR,REGULAR,NYSE,10243
AMCR,20250717 09:33:44.198000,0,9.51,18,9.52,114,REGULAR,REGULAR,NYSE,10243
AMCR,20250717 09:33:49.787000,0,9.51,18,9.52,143,REGULAR,REGULAR,NYSE,10243
AMCR,20250717 09:33:54.254000,0,9.51,18,9.52,114,REGULAR,REGULAR,NYSE,10243
AMCR,20250717 09:33:55.537000,0,9.51,18,9.52,114,REGULAR,REGULAR,NYSE,10243
AMCR,20250717 09:34:02.078000,0,9.51,21,9.52,114,REGULAR,REGULAR,IEX,10243
AMCR,20250717 09:34:04.429000,0,9.51,18,9.52,129,REGULAR,REGULAR,NYSE,10243
AMCR,20250717 09:34:18.885000,0,9.51,30,9.52,99,REGULAR,REGULAR,BATS,10243
AMCR,20250717 09:34:19.497000,0,9.51,27,9.52,99,REGULAR,REGULAR,IEX,10243
AMCR,20250717 09:34:19.504000,0,9.51,27,9.52,99,REGULAR,REGULAR,IEX,10243
AMCR,20250717 09:34:21.642000,0,9.51,17,9.52,158,REGULAR,REGULAR,NYSE,10243
AMCR,20250717 09:34:21.643000,0,9.51,17,9.52,208,REGULAR,REGULAR,NYSE,10243
AMCR,20250717 09:34:21.643000,0,9.51,17,9.52,208,REGULAR,REGULAR,NYSE,10243
AMCR,20250717 09:34:21.701000,0,9.51,17,9.52,208,REGULAR,REGULAR,NYSE,10243
AMCR,20250717 09:34:22.064000,0,9.51,18,9.52,129,REGULAR,REGULAR,NYSE,10243
AMCR,20250717 09:34:25.739000,0,9.51,18,9.52,156,REGULAR,REGULAR,NYSE,10243
AMCR,20250717 09:34:25.741000,0,9.51,18,9.52,206,REGULAR,REGULAR,NYSE,10243
AMCR,20250717 09:34:25.808000,0,9.51,17,9.52,206,REGULAR,REGULAR,NYSE,10243
AMCR,20250717 09:34:26.822000,0,9.51,17,9.52,206,REGULAR,REGULAR,NYSE,10243
AMCR,20250717 09:34:28.512000,0,9.51,18,9.52,206,REGULAR,REGULAR,NYSE,10243
AMCR,20250717 09:34:28.718000,0,9.51,17,9.52,214,REGULAR,REGULAR,IEX,10243
AMCR,20250717 09:34:28.718000,0,9.51,17,9.52,214,REGULAR,REGULAR,IEX,10243
AMCR,20250717 09:34:30.155000,0,9.51,20,9.52,156,REGULAR,REGULAR,IEX,10243
AMCR,20250717 09:34:31.167000,0,9.51,20,9.52,156,REGULAR,REGULAR,IEX,10243
AMCR,20250717 09:34:34.755000,0,9.51,20,9.52,157,REGULAR,REGULAR,IEX,10243
AMCR,20250717 09:34:39.500000,0,9.51,16,9.52,157,REGULAR,REGULAR,IEX,10243
AMCR,20250717 09:34:45.844000,0,9.51,16,9.52,99,REGULAR,REGULAR,IEX,10243
AMCR,20250717 09:34:45.845000,0,9.51,30,9.52,99,REGULAR,REGULAR,NYSE,10243
AMCR,20250717 09:34:49.412000,0,9.51,30,9.52,99,REGULAR,REGULAR,NYSE,10243
AMCR,20250717 09:34:50.674000,0,9.51,30,9.52,99,REGULAR,REGULAR,NYSE,10243
AMCR,20250717 09:34:51.909000,0,9.51,16,9.52,165,REGULAR,REGULAR,NYSE,10243
AMCR,20250717 09:34:51.909000,0,9.51,16,9.52,165,REGULAR,REGULAR,NYSE,10243
AMCR,20250717 09:34:51.909000,0,9.51,16,9.52,165,REGULAR,REGULAR,NYSE,10243
AMCR,20250717 09:34:51.909000,0,9.51,16,9.52,165,REGULAR,REGULAR,NYSE,10243
AMCR,20250717 09:34:51.909000,0,9.51,16,9.52,165,REGULAR,REGULAR,NYSE,10243
AMCR,20250717 09:34:51.909000,0,9.51,16,9.52,165,REGULAR,REGULAR,NYSE,10243
AMCR,20250717 09:34:54.512000,0,9.51,13,9.52,179,REGULAR,REGULAR,NYSE,10243
AMCR,20250717 09:34:56.840000,0,9.51,13,9.52,193,REGULAR,REGULAR,NYSE,10243
AMCR,20250717 09:34:58.240000,0,9.51,23,9.52,99,REGULAR,REGULAR,IEX,10243
AMCR,20250717 09:35:00.001000,0,9.51,24,9.52,129,REGULAR,REGULAR,IEX,10243
AMCR,20250717 09:35:00.065000,0,9.51,18,9.52,179,REGULAR,REGULAR,IEX,10243
AMCR,20250717 09:35:00.065000,0,9.51,18,9.52,179,REGULAR,REGULAR,IEX,10243
AMCR,20250717 09:35:00.079000,0,9.51,18,9.52,179,REGULAR,REGULAR,IEX,10243
AMCR,20250717 09:35:00.931000,0,9.51,21,9.52,166,REGULAR,REGULAR,IEX,10243
AMCR,20250717 09:35:01.378000,0,9.51,24,9.52,100,REGULAR,REGULAR,IEX,10243
AMCR,20250717 09:35:01.717000,0,9.5,69,9.51,91,REGULAR,REGULAR,NYSE,10243
AMCR,20250717 09:35:01.717000,0,9.5,69,9.51,91,REGULAR,REGULAR,NYSE,10243
AMCR,20250717 09:35:01.717000,0,9.5,69,9.51,91,REGULAR,REGULAR,NYSE,10243
AMCR,20250717 09:35:01.717000,0,9.5,69,9.51,91,REGULAR,REGULAR,NYSE,10243
AMCR,20250717 09:35:01.717000,0,9.5,69,9.51,91,REGULAR,REGULAR,NYSE,10243
AMCR,20250717 09:35:01.717000,0,9.5,69,9.51,91,REGULAR,REGULAR,NYSE,10243
AMCR,20250717 09:35:01.717000,0,9.5,69,9.51,91,REGULAR,REGULAR,NYSE,10243
AMCR,20250717 09:35:01.717000,0,9.5,69,9.51,91,REGULAR,REGULAR,NYSE,10243
AMCR,20250717 09:35:01.717000,0,9.5,69,9.51,91,REGULAR,REGULAR,NYSE,10243
AMCR,20250717 09:35:01.717000,0,9.5,69,9.51,91,REGULAR,REGULAR,NYSE,10243
AMCR,20250717 09:35:01.717000,0,9.5,69,9.51,91,REGULAR,REGULAR,NYSE,10243
AMCR,20250717 09:35:01.717000,0,9.5,69,9.51,91,REGULAR,REGULAR,NYSE,10243
AMCR,20250717 09:35:01.717000,0,9.5,69,9.51,91,REGULAR,REGULAR,NYSE,10243
AMCR,20250717 09:35:01.717000,0,9.5,69,9.51,91,REGULAR,REGULAR,NYSE,10243
AMCR,20250717 09:35:01.717000,0,9.5,69,9.51,91,REGULAR,REGULAR,NYSE,10243
AMCR,20250717 09:35:01.717000,0,9.5,69,9.51,91,REGULAR,REGULAR,NYSE,10243
AMCR,20250717 09:35:01.718000,0,9.5,84,9.51,101,REGULAR,REGULAR,NYSE,10243
AMCR,20250717 09:35:01.718000,0,9.5,84,9.51,101,REGULAR,REGULAR,NYSE,10243
AMCR,20250717 09:35:01.720000,0,9.5,84,9.51,112,REGULAR,REGULAR,NYSE,10243
AMCR,20250717 09:35:01.815000,0,9.5,83,9.51,138,REGULAR,REGULAR,NYSE,10243
AMCR,20250717 09:35:02.600000,0,9.5,83,9.51,109,REGULAR,REGULAR,NYSE,10243
AMCR,20250717 09:35:02.600000,0,9.5,83,9.51,109,REGULAR,REGULAR,NYSE,10243
AMCR,20250717 09:35:02.600000,0,9.5,83,9.51,109,REGULAR,REGULAR,NYSE,10243
AMCR,20250717 09:35:03.625000,0,9.5,83,9.51,152,REGULAR,REGULAR,NYSE,10243
AMCR,20250717 09:35:03.966000,0,9.5,83,9.51,152,REGULAR,REGULAR,NYSE,10243
AMCR,20250717 09:35:07.253000,0,9.5,83,9.51,103,REGULAR,REGULAR,NYSE,10243
AMCR,20250717 09:35:13.973000,0,9.5,83,9.51,114,REGULAR,REGULAR,NYSE,10243
AMCR,20250717 09:35:15.285000,0,9.5,37,9.5,127,REGULAR,REGULAR,IEX,10243
AMCR,20250717 09:35:15.285000,0,9.5,37,9.5,127,REGULAR,REGULAR,IEX,10243
AMCR,20250717 09:35:15.285000,0,9.5,37,9.5,127,REGULAR,REGULAR,IEX,10243
AMCR,20250717 09:35:15.285000,0,9.5,37,9.5,127,REGULAR,REGULAR,IEX,10243
AMCR,20250717 09:35:15.285000,0,9.5,37,9.5,127,REGULAR,REGULAR,IEX,10243
AMCR,20250717 09:35:15.285000,0,9.5,37,9.5,127,REGULAR,REGULAR,IEX,10243
AMCR,20250717 09:35:15.285000,0,9.5,37,9.5,127,REGULAR,REGULAR,IEX,10243
AMCR,20250717 09:35:15.285000,0,9.5,37,9.5,127,REGULAR,REGULAR,IEX,10243
AMCR,20250717 09:35:15.285000,0,9.5,37,9.5,127,REGULAR,REGULAR,IEX,10243
AMCR,20250717 09:35:15.285000,0,9.5,37,9.5,127,REGULAR,REGULAR,IEX,10243
AMCR,20250717 09:35:15.285000,0,9.5,37,9.5,127,REGULAR,REGULAR,IEX,10243
AMCR,20250717 09:35:15.285000,0,9.5,37,9.5,127,REGULAR,REGULAR,IEX,10243
AMCR,20250717 09:35:15.285000,0,9.5,37,9.5,127,REGULAR,REGULAR,IEX,10243
AMCR,20250717 09:35:15.285000,0,9.5,37,9.5,127,REGULAR,REGULAR,IEX,10243
AMCR,20250717 09:35:15.285000,0,9.5,37,9.5,127,REGULAR,REGULAR,IEX,10243
AMCR,20250717 09:35:15.285000,0,9.5,37,9.5,127,REGULAR,REGULAR,IEX,10243
AMCR,20250717 09:35:15.285000,0,9.5,37,9.5,127,REGULAR,REGULAR,IEX,10243
AMCR,20250717 09:35:15.285000,0,9.5,37,9.5,127,REGULAR,REGULAR,IEX,10243
AMCR,20250717 09:35:15.285000,0,9.5,37,9.5,127,REGULAR,REGULAR,IEX,10243
AMCR,20250717 09:35:15.285000,0,9.5,37,9.5,127,REGULAR,REGULAR,IEX,10243
AMCR,20250717 09:35:15.285000,0,9.5,37,9.5,127,REGULAR,REGULAR,IEX,10243
AMCR,20250717 09:35:15.285000,0,9.5,37,9.5,127,REGULAR,REGULAR,IEX,10243
AMCR,20250717 09:35:15.285000,0,9.5,37,9.5,127,REGULAR,REGULAR,IEX,10243
AMCR,20250717 09:35:15.285000,0,9.5,37,9.5,127,REGULAR,REGULAR,IEX,10243
AMCR,20250717 09:35:15.285000,0,9.5,37,9.5,127,REGULAR,REGULAR,IEX,10243
AMCR,20250717 09:35:15.285000,0,9.5,37,9.5,127,REGULAR,REGULAR,IEX,10243
AMCR,20250717 09:35:15.285000,0,9.5,37,9.5,127,REGULAR,REGULAR,IEX,10243
AMCR,20250717 09:35:15.285000,0,9.5,37,9.5,127,REGULAR,REGULAR,IEX,10243
AMCR,20250717 09:35:15.285000,0,9.5,37,9.5,127,REGULAR,REGULAR,IEX,10243
AMCR,20250717 09:35:15.285000,0,9.5,37,9.5,127,REGULAR,REGULAR,IEX,10243
AMCR,20250717 09:35:15.285000,0,9.5,37,9.5,127,REGULAR,REGULAR,IEX,10243
AMCR,20250717 09:35:15.285000,0,9.5,37,9.5,127,REGULAR,REGULAR,IEX,10243
AMCR,20250717 09:35:15.285000,0,9.5,37,9.5,127,REGULAR,REGULAR,IEX,10243
AMCR,20250717 09:35:15.285000,0,9.5,37,9.5,127,REGULAR,REGULAR,IEX,10243
AMCR,20250717 09:35:15.285000,0,9.5,37,9.5,127,REGULAR,REGULAR,IEX,10243
AMCR,20250717 09:35:15.285000,0,9.5,37,9.5,127,REGULAR,REGULAR,IEX,10243
AMCR,20250717 09:35:15.285000,0,9.5,37,9.5,127,REGULAR,REGULAR,IEX,10243
AMCR,20250717 09:35:15.285000,0,9.5,37,9.5,127,REGULAR,REGULAR,IEX,10243
AMCR,20250717 09:35:15.285000,0,9.5,37,9.5,127,REGULAR,REGULAR,IEX,10243
AMCR,20250717 09:35:15.304000,0,9.49,90,9.5,104,REGULAR,REGULAR,NYSE,10243
AMCR,20250717 09:35:15.304000,0,9.49,90,9.5,104,REGULAR,REGULAR,NYSE,10243
AMCR,20250717 09:35:15.305000,0,9.49,90,9.5,104,REGULAR,REGULAR,NYSE,10243
AMCR,20250717 09:35:15.306000,0,9.49,90,9.5,104,REGULAR,REGULAR,NYSE,10243
AMCR,20250717 09:35:15.307000,0,9.49,90,9.5,104,REGULAR,REGULAR,NYSE,10243
AMCR,20250717 09:35:15.436000,0,9.49,90,9.5,93,REGULAR,REGULAR,NYSE,10243
AMCR,20250717 09:35:16.248000,0,9.49,90,9.5,93,REGULAR,REGULAR,NYSE,10243
AMCR,20250717 09:35:16.584000,0,9.49,90,9.5,34,REGULAR,REGULAR,NYSE,10243
AMCR,20250717 09:35:16.584000,0,9.49,90,9.5,34,REGULAR,REGULAR,NYSE,10243
AMCR,20250717 09:35:16.584000,0,9.49,90,9.5,34,REGULAR,REGULAR,NYSE,10243
AMCR,20250717 09:35:16.584000,0,9.49,90,9.5,34,REGULAR,REGULAR,NYSE,10243
AMCR,20250717 09:35:16.947000,0,9.49,85,9.5,34,REGULAR,REGULAR,NYSE,10243
AMCR,20250717 09:35:20.441000,0,9.49,85,9.5,34,REGULAR,REGULAR,NYSE,10243
AMCR,20250717 09:35:20.458000,0,9.49,85,9.5,34,REGULAR,REGULAR,NYSE,10243
AMCR,20250717 09:35:28.582000,0,9.49,75,9.5,41,REGULAR,REGULAR,NYSE,10243
AMCR,20250717 09:35:28.582000,0,9.49,75,9.5,41,REGULAR,REGULAR,NYSE,10243
AMCR,20250717 09:35:28.582000,0,9.49,75,9.5,41,REGULAR,REGULAR,NYSE,10243
AMCR,20250717 09:35:28.975000,0,9.49,75,9.5,34,REGULAR,REGULAR,NYSE,10243
AMCR,20250717 09:35:32.967000,0,9.49,75,9.5,34,REGULAR,REGULAR,NYSE,10243
AMCR,20250717 09:35:32.974000,0,9.49,75,9.5,34,REGULAR,REGULAR,NYSE,10243
AMCR,20250717 09:35:32.974000,0,9.49,75,9.5,34,REGULAR,REGULAR,NYSE,10243
AMCR,20250717 09:35:32.974000,0,9.49,75,9.5,34,REGULAR,REGULAR,NYSE,10243
AMCR,20250717 09:35:32.975000,0,9.49,75,9.5,35,REGULAR,REGULAR,NYSE,10243
AMCR,20250717 09:35:32.975000,0,9.49,75,9.5,35,REGULAR,REGULAR,NYSE,10243
AMCR,20250717 09:35:32.975000,0,9.49,75,9.5,35,REGULAR,REGULAR,NYSE,10243
AMCR,20250717 09:35:32.975000,0,9.49,75,9.5,35,REGULAR,REGULAR,NYSE,10243
AMCR,20250717 09:35:32.975000,0,9.49,75,9.5,35,REGULAR,REGULAR,NYSE,10243
AMCR,20250717 09:35:32.977000,0,9.49,75,9.5,42,REGULAR,REGULAR,NYSE,10308
AMCR,20250717 09:35:32.978000,0,9.49,75,9.5,42,REGULAR,REGULAR,NYSE,10308
AMCR,20250717 09:35:32.978000,0,9.49,75,9.5,42,REGULAR,REGULAR,NYSE,10308
AMCR,20250717 09:35:32.981000,0,9.49,75,9.5,42,REGULAR,REGULAR,NYSE,10308
AMCR,20250717 09:35:32.981000,0,9.49,75,9.5,42,REGULAR,REGULAR,NYSE,10308
AMCR,20250717 09:35:32.983000,0,9.49,75,9.5,42,REGULAR,REGULAR,NYSE,10308
AMCR,20250717 09:35:32.985000,0,9.49,75,9.5,42,REGULAR,REGULAR,NYSE,10308
AMCR,20250717 09:35:33.050000,0,9.49,75,9.5,42,REGULAR,REGULAR,NYSE,10308
AMCR,20250717 09:35:38.205000,0,9.49,71,9.5,34,REGULAR,REGULAR,NYSE,10243
AMCR,20250717 09:35:38.205000,0,9.49,71,9.5,34,REGULAR,REGULAR,NYSE,10243
AMCR,20250717 09:35:38.206000,0,9.49,71,9.5,41,REGULAR,REGULAR,NYSE,10243
AMCR,20250717 09:35:38.207000,0,9.49,71,9.5,41,REGULAR,REGULAR,NYSE,10243
AMCR,20250717 09:35:42.436000,0,9.49,71,9.5,41,REGULAR,REGULAR,NYSE,10243
AMCR,20250717 09:35:42.438000,0,9.49,71,9.5,41,REGULAR,REGULAR,NYSE,10243
AMCR,20250717 09:35:43.996000,0,9.49,24,9.5,170,REGULAR,REGULAR,IEX,10243
AMCR,20250717 09:35:43.996000,0,9.49,24,9.5,170,REGULAR,REGULAR,IEX,10243
AMCR,20250717 09:35:43.996000,0,9.49,24,9.5,170,REGULAR,REGULAR,IEX,10243
AMCR,20250717 09:35:43.996000,0,9.49,24,9.5,170,REGULAR,REGULAR,IEX,10243
AMCR,20250717 09:35:43.996000,0,9.49,24,9.5,170,REGULAR,REGULAR,IEX,10243
AMCR,20250717 09:35:43.996000,0,9.49,24,9.5,170,REGULAR,REGULAR,IEX,10243
AMCR,20250717 09:35:43.996000,0,9.49,24,9.5,170,REGULAR,REGULAR,IEX,10243
AMCR,20250717 09:35:43.996000,0,9.49,24,9.5,170,REGULAR,REGULAR,IEX,10243
AMCR,20250717 09:35:43.996000,0,9.49,24,9.5,170,REGULAR,REGULAR,IEX,10243
AMCR,20250717 09:35:43.996000,0,9.49,24,9.5,170,REGULAR,REGULAR,IEX,10243
AMCR,20250717 09:35:43.996000,0,9.49,24,9.5,170,REGULAR,REGULAR,IEX,10243
AMCR,20250717 09:35:43.996000,0,9.49,24,9.5,170,REGULAR,REGULAR,IEX,10243
AMCR,20250717 09:35:43.996000,0,9.49,24,9.5,170,REGULAR,REGULAR,IEX,10243
AMCR,20250717 09:35:43.996000,0,9.49,24,9.5,170,REGULAR,REGULAR,IEX,10243
AMCR,20250717 09:35:43.996000,0,9.49,24,9.5,170,REGULAR,REGULAR,IEX,10243
AMCR,20250717 09:35:43.997000,0,9.49,30,9.49,7,REGULAR,REGULAR,NYSE,10241
AMCR,20250717 09:35:43.997000,0,9.49,30,9.49,7,REGULAR,REGULAR,NYSE,10241
AMCR,20250717 09:35:43.997000,0,9.49,30,9.49,7,REGULAR,REGULAR,NYSE,10241
AMCR,20250717 09:35:43.997000,0,9.49,30,9.49,7,REGULAR,REGULAR,NYSE,10241
AMCR,20250717 09:35:43.997000,0,9.49,30,9.49,7,REGULAR,REGULAR,NYSE,10241
AMCR,20250717 09:35:43.997000,0,9.49,30,9.49,7,REGULAR,REGULAR,NYSE,10241
AMCR,20250717 09:35:43.997000,0,9.49,30,9.49,7,REGULAR,REGULAR,NYSE,10241
AMCR,20250717 09:35:43.997000,0,9.49,30,9.49,7,REGULAR,REGULAR,NYSE,10241
AMCR,20250717 09:35:43.997000,0,9.49,30,9.49,7,REGULAR,REGULAR,NYSE,10241
AMCR,20250717 09:35:43.997000,0,9.49,30,9.49,7,REGULAR,REGULAR,NYSE,10241
AMCR,20250717 09:35:43.997000,0,9.49,30,9.49,7,REGULAR,REGULAR,NYSE,10241
AMCR,20250717 09:35:43.997000,0,9.49,30,9.49,7,REGULAR,REGULAR,NYSE,10241
AMCR,20250717 09:35:43.997000,0,9.49,30,9.49,7,REGULAR,REGULAR,NYSE,10241
AMCR,20250717 09:35:43.997000,0,9.49,30,9.49,7,REGULAR,REGULAR,NYSE,10241
AMCR,20250717 09:35:43.997000,0,9.49,30,9.49,7,REGULAR,REGULAR,NYSE,10241
AMCR,20250717 09:35:43.997000,0,9.49,30,9.49,7,REGULAR,REGULAR,NYSE,10241
AMCR,20250717 09:35:43.997000,0,9.49,30,9.49,7,REGULAR,REGULAR,NYSE,10241
AMCR,20250717 09:35:43.997000,0,9.49,30,9.49,7,REGULAR,REGULAR,NYSE,10241
AMCR,20250717 09:35:43.997000,0,9.49,30,9.49,7,REGULAR,REGULAR,NYSE,10241
AMCR,20250717 09:35:43.997000,0,9.49,30,9.49,7,REGULAR,REGULAR,NYSE,10241
AMCR,20250717 09:35:43.997000,0,9.49,30,9.49,7,REGULAR,REGULAR,NYSE,10241
AMCR,20250717 09:35:43.997000,0,9.49,30,9.49,7,REGULAR,REGULAR,NYSE,10241
AMCR,20250717 09:35:43.997000,0,9.49,30,9.49,7,REGULAR,REGULAR,NYSE,10241
AMCR,20250717 09:35:43.997000,0,9.49,30,9.49,7,REGULAR,REGULAR,NYSE,10241
AMCR,20250717 09:35:43.997000,0,9.49,30,9.49,7,REGULAR,REGULAR,NYSE,10241
AMCR,20250717 09:35:43.997000,0,9.49,30,9.49,7,REGULAR,REGULAR,NYSE,10241
AMCR,20250717 09:35:43.997000,0,9.49,30,9.49,7,REGULAR,REGULAR,NYSE,10241
AMCR,20250717 09:35:43.997000,0,9.49,30,9.49,7,REGULAR,REGULAR,NYSE,10241
AMCR,20250717 09:35:43.997000,0,9.49,30,9.49,7,REGULAR,REGULAR,NYSE,10241
AMCR,20250717 09:35:43.997000,0,9.49,30,9.49,7,REGULAR,REGULAR,NYSE,10241
AMCR,20250717 09:35:43.997000,0,9.49,30,9.49,7,REGULAR,REGULAR,NYSE,10241
AMCR,20250717 09:35:43.997000,0,9.49,30,9.49,7,REGULAR,REGULAR,NYSE,10241
AMCR,20250717 09:35:43.997000,0,9.49,30,9.49,7,REGULAR,REGULAR,NYSE,10241
AMCR,20250717 09:35:43.997000,0,9.49,30,9.49,7,REGULAR,REGULAR,NYSE,10241
AMCR,20250717 09:35:43.997000,0,9.49,30,9.49,7,REGULAR,REGULAR,NYSE,10241
AMCR,20250717 09:35:43.997000,0,9.49,30,9.49,7,REGULAR,REGULAR,NYSE,10241
AMCR,20250717 09:35:43.997000,0,9.49,30,9.49,7,REGULAR,REGULAR,NYSE,10241
AMCR,20250717 09:35:43.998000,0,9.49,33,9.5,101,REGULAR,REGULAR,NYSE,10243
AMCR,20250717 09:35:43.998000,0,9.49,33,9.5,101,REGULAR,REGULAR,NYSE,10243
AMCR,20250717 09:35:43.998000,0,9.49,33,9.5,101,REGULAR,REGULAR,NYSE,10243
AMCR,20250717 09:35:43.998000,0,9.49,33,9.5,101,REGULAR,REGULAR,NYSE,10243
AMCR,20250717 09:35:43.998000,0,9.49,33,9.5,101,REGULAR,REGULAR,NYSE,10243
AMCR,20250717 09:35:43.998000,0,9.49,33,9.5,101,REGULAR,REGULAR,NYSE,10243
AMCR,20250717 09:35:43.998000,0,9.49,33,9.5,101,REGULAR,REGULAR,NYSE,10243
AMCR,20250717 09:35:43.998000,0,9.49,33,9.5,101,REGULAR,REGULAR,NYSE,10243
AMCR,20250717 09:35:43.998000,0,9.49,33,9.5,101,REGULAR,REGULAR,NYSE,10243
AMCR,20250717 09:35:43.999000,0,9.49,33,9.5,101,REGULAR,REGULAR,NYSE,10243
AMCR,20250717 09:35:43.999000,0,9.49,33,9.5,101,REGULAR,REGULAR,NYSE,10243
AMCR,20250717 09:35:43.999000,0,9.49,33,9.5,101,REGULAR,REGULAR,NYSE,10243
AMCR,20250717 09:35:43.999000,0,9.49,33,9.5,101,REGULAR,REGULAR,NYSE,10243
AMCR,20250717 09:35:44.000000,0,9.49,33,9.5,101,REGULAR,REGULAR,NYSE,10243
AMCR,20250717 09:35:44.000000,0,9.49,33,9.5,101,REGULAR,REGULAR,NYSE,10243
AMCR,20250717 09:35:44.000000,0,9.49,33,9.5,101,REGULAR,REGULAR,NYSE,10243
AMCR,20250717 09:35:44.002000,0,9.49,71,9.5,97,REGULAR,REGULAR,NYSE,10243
AMCR,20250717 09:35:44.005000,0,9.49,71,9.5,97,REGULAR,REGULAR,NYSE,10243
AMCR,20250717 09:35:44.018000,0,9.49,97,9.5,97,REGULAR,REGULAR,NYSE,10243
AMCR,20250717 09:35:49.250000,0,9.49,117,9.5,74,REGULAR,REGULAR,NYSE,10243
AMCR,20250717 09:35:49.250000,0,9.49,117,9.5,74,REGULAR,REGULAR,NYSE,10243
AMCR,20250717 09:35:49.385000,0,9.49,117,9.5,74,REGULAR,REGULAR,NYSE,10243
AMCR,20250717 09:35:49.457000,0,9.49,117,9.5,74,REGULAR,REGULAR,NYSE,10243
AMCR,20250717 09:35:56.166000,0,9.49,70,9.5,74,REGULAR,REGULAR,NYSE,10243
AMCR,20250717 09:35:57.457000,0,9.49,86,9.5,95,REGULAR,REGULAR,NYSE,10243
AMCR,20250717 09:35:57.457000,0,9.49,86,9.5,95,REGULAR,REGULAR,NYSE,10243
AMCR,20250717 09:35:57.458000,0,9.49,70,9.5,95,REGULAR,REGULAR,NYSE,10243
AMCR,20250717 09:36:00.686000,0,9.49,70,9.5,95,REGULAR,REGULAR,NYSE,10243
AMCR,20250717 09:36:04.122000,0,9.49,56,9.5,97,REGULAR,REGULAR,NYSE,10243
AMCR,20250717 09:36:04.385000,0,9.48,88,9.49,59,REGULAR,REGULAR,NQEX,10243
AMCR,20250717 09:36:04.385000,0,9.48,88,9.49,59,REGULAR,REGULAR,NQEX,10243
AMCR,20250717 09:36:04.385000,0,9.48,88,9.49,59,REGULAR,REGULAR,NQEX,10243
AMCR,20250717 09:36:04.385000,0,9.48,88,9.49,59,REGULAR,REGULAR,NQEX,10243
AMCR,20250717 09:36:04.385000,0,9.48,88,9.49,59,REGULAR,REGULAR,NQEX,10243
AMCR,20250717 09:36:04.385000,0,9.48,88,9.49,59,REGULAR,REGULAR,NQEX,10243
AMCR,20250717 09:36:04.385000,0,9.48,88,9.49,59,REGULAR,REGULAR,NQEX,10243
AMCR,20250717 09:36:04.385000,0,9.48,88,9.49,59,REGULAR,REGULAR,NQEX,10243
AMCR,20250717 09:36:04.385000,0,9.48,88,9.49,59,REGULAR,REGULAR,NQEX,10243
AMCR,20250717 09:36:04.385000,0,9.48,88,9.49,59,REGULAR,REGULAR,NQEX,10243
AMCR,20250717 09:36:04.385000,0,9.48,88,9.49,59,REGULAR,REGULAR,NQEX,10243
AMCR,20250717 09:36:04.385000,0,9.48,88,9.49,59,REGULAR,REGULAR,NQEX,10243
AMCR,20250717 09:36:04.385000,0,9.48,88,9.49,59,REGULAR,REGULAR,NQEX,10243
AMCR,20250717 09:36:04.385000,0,9.48,88,9.49,59,REGULAR,REGULAR,NQEX,10243
AMCR,20250717 09:36:04.385000,0,9.48,88,9.49,59,REGULAR,REGULAR,NQEX,10243
AMCR,20250717 09:36:04.385000,0,9.48,88,9.49,59,REGULAR,REGULAR,NQEX,10243
AMCR,20250717 09:36:04.385000,0,9.48,88,9.49,59,REGULAR,REGULAR,NQEX,10243
AMCR,20250717 09:36:04.385000,0,9.48,88,9.49,59,REGULAR,REGULAR,NQEX,10243
AMCR,20250717 09:36:04.385000,0,9.48,88,9.49,59,REGULAR,REGULAR,NQEX,10243
AMCR,20250717 09:36:04.385000,0,9.48,88,9.49,59,REGULAR,REGULAR,NQEX,10243
AMCR,20250717 09:36:04.385000,0,9.48,88,9.49,59,REGULAR,REGULAR,NQEX,10243
AMCR,20250717 09:36:04.385000,0,9.48,88,9.49,59,REGULAR,REGULAR,NQEX,10243
AMCR,20250717 09:36:04.385000,0,9.48,88,9.49,59,REGULAR,REGULAR,NQEX,10243
AMCR,20250717 09:36:04.385000,0,9.48,88,9.49,59,REGULAR,REGULAR,NQEX,10243
AMCR,20250717 09:36:04.385000,0,9.48,88,9.49,59,REGULAR,REGULAR,NQEX,10243
AMCR,20250717 09:36:04.385000,0,9.48,88,9.49,59,REGULAR,REGULAR,NQEX,10243
AMCR,20250717 09:36:04.385000,0,9.48,88,9.49,59,REGULAR,REGULAR,NQEX,10243
AMCR,20250717 09:36:04.385000,0,9.48,88,9.49,59,REGULAR,REGULAR,NQEX,10243
AMCR,20250717 09:36:04.385000,0,9.48,88,9.49,59,REGULAR,REGULAR,NQEX,10243
AMCR,20250717 09:36:04.385000,0,9.48,88,9.49,59,REGULAR,REGULAR,NQEX,10243
AMCR,20250717 09:36:04.386000,0,9.48,87,9.49,88,REGULAR,REGULAR,NQEX,10308
AMCR,20250717 09:36:04.386000,0,9.48,87,9.49,88,REGULAR,REGULAR,NQEX,10308
AMCR,20250717 09:36:07.393000,0,9.48,85,9.49,60,REGULAR,REGULAR,NYSE,10308
AMCR,20250717 09:36:08.041000,0,9.48,85,9.49,60,REGULAR,REGULAR,NYSE,10308
AMCR,20250717 09:36:08.050000,0,9.48,85,9.49,60,REGULAR,REGULAR,NYSE,10308
AMCR,20250717 09:36:08.059000,0,9.48,85,9.49,60,REGULAR,REGULAR,NYSE,10308
AMCR,20250717 09:36:12.060000,0,9.48,71,9.49,60,REGULAR,REGULAR,NQEX,10308
AMCR,20250717 09:36:12.060000,0,9.48,71,9.49,60,REGULAR,REGULAR,NQEX,10308
AMCR,20250717 09:36:12.060000,0,9.48,71,9.49,60,REGULAR,REGULAR,NQEX,10308
AMCR,20250717 09:36:15.877000,0,9.48,84,9.49,55,REGULAR,REGULAR,NYSE,10243
AMCR,20250717 09:36:26.973000,0,9.48,95,9.49,42,REGULAR,REGULAR,NQEX,10243
AMCR,20250717 09:36:28.002000,0,9.48,95,9.49,42,REGULAR,REGULAR,NQEX,10243
AMCR,20250717 09:36:30.022000,0,9.48,66,9.49,51,REGULAR,REGULAR,NQEX,10243
AMCR,20250717 09:36:30.218000,0,9.48,68,9.49,51,REGULAR,REGULAR,NYSE,10243
AMCR,20250717 09:36:32.971000,0,9.49,75,9.49,28,REGULAR,REGULAR,NYSE,10308
AMCR,20250717 09:36:32.971000,0,9.49,75,9.49,28,REGULAR,REGULAR,NYSE,10308
AMCR,20250717 09:36:32.971000,0,9.49,75,9.49,28,REGULAR,REGULAR,NYSE,10308
AMCR,20250717 09:36:32.971000,0,9.49,75,9.49,28,REGULAR,REGULAR,NYSE,10308
AMCR,20250717 09:36:32.971000,0,9.49,75,9.49,28,REGULAR,REGULAR,NYSE,10308
AMCR,20250717 09:36:32.971000,0,9.49,75,9.49,28,REGULAR,REGULAR,NYSE,10308
AMCR,20250717 09:36:32.971000,0,9.49,75,9.49,28,REGULAR,REGULAR,NYSE,10308
AMCR,20250717 09:36:32.971000,0,9.49,75,9.49,28,REGULAR,REGULAR,NYSE,10308
AMCR,20250717 09:36:32.971000,0,9.49,75,9.49,28,REGULAR,REGULAR,NYSE,10308
AMCR,20250717 09:36:32.971000,0,9.49,75,9.49,28,REGULAR,REGULAR,NYSE,10308
AMCR,20250717 09:36:32.972000,0,9.49,89,9.5,54,REGULAR,REGULAR,NYSE,10243
AMCR,20250717 09:36:32.972000,0,9.49,89,9.5,54,REGULAR,REGULAR,NYSE,10243
AMCR,20250717 09:36:32.972000,0,9.49,89,9.5,54,REGULAR,REGULAR,NYSE,10243
AMCR,20250717 09:36:32.972000,0,9.49,89,9.5,54,REGULAR,REGULAR,NYSE,10243
AMCR,20250717 09:36:32.972000,0,9.49,89,9.5,54,REGULAR,REGULAR,NYSE,10243
AMCR,20250717 09:36:32.972000,0,9.49,89,9.5,54,REGULAR,REGULAR,NYSE,10243
AMCR,20250717 09:36:32.977000,0,9.49,79,9.5,98,REGULAR,REGULAR,NYSE,10243
AMCR,20250717 09:36:32.980000,0,9.49,79,9.5,108,REGULAR,REGULAR,NYSE,10243
AMCR,20250717 09:36:34.595000,0,9.49,31,9.5,124,REGULAR,REGULAR,NYSE,10243
AMCR,20250717 09:36:34.774000,0,9.49,31,9.5,166,REGULAR,REGULAR,NYSE,10243
AMCR,20250717 09:36:35.227000,0,9.49,5,9.49,87,REGULAR,REGULAR,BATS,10243
AMCR,20250717 09:36:35.227000,0,9.49,5,9.49,87,REGULAR,REGULAR,BATS,10243
AMCR,20250717 09:36:35.227000,0,9.49,5,9.49,87,REGULAR,REGULAR,BATS,10243
AMCR,20250717 09:36:35.227000,0,9.49,5,9.49,87,REGULAR,REGULAR,BATS,10243
AMCR,20250717 09:36:35.227000,0,9.49,5,9.49,87,REGULAR,REGULAR,BATS,10243
AMCR,20250717 09:36:35.227000,0,9.49,5,9.49,87,REGULAR,REGULAR,BATS,10243
AMCR,20250717 09:36:35.227000,0,9.49,5,9.49,87,REGULAR,REGULAR,BATS,10243
AMCR,20250717 09:36:35.227000,0,9.49,5,9.49,87,REGULAR,REGULAR,BATS,10243
AMCR,20250717 09:36:35.227000,0,9.49,5,9.49,87,REGULAR,REGULAR,BATS,10243
AMCR,20250717 09:36:35.227000,0,9.49,5,9.49,87,REGULAR,REGULAR,BATS,10243
AMCR,20250717 09:36:35.228000,0,9.49,5,9.49,81,REGULAR,REGULAR,BATS,10243
AMCR,20250717 09:36:35.810000,0,9.48,86,9.49,92,REGULAR,REGULAR,NYSE,10243
AMCR,20250717 09:36:35.939000,0,9.48,86,9.49,92,REGULAR,REGULAR,NYSE,10243
AMCR,20250717 09:36:36.219000,0,9.48,86,9.49,92,REGULAR,REGULAR,NYSE,10243
AMCR,20250717 09:36:36.301000,0,9.48,86,9.49,92,REGULAR,REGULAR,NYSE,10243
AMCR,20250717 09:36:37.193000,0,9.48,86,9.49,92,REGULAR,REGULAR,NYSE,10243
AMCR,20250717 09:36:41.848000,0,9.48,145,9.49,37,REGULAR,REGULAR,NYSE,10243
AMCR,20250717 09:36:47.853000,0,9.48,92,9.49,38,REGULAR,REGULAR,NYSE,10243
AMCR,20250717 09:36:50.866000,0,9.48,150,9.49,35,REGULAR,REGULAR,NYSE,10243
AMCR,20250717 09:36:51.858000,0,9.48,161,9.49,17,REGULAR,REGULAR,NYSE,10243
AMCR,20250717 09:36:51.858000,0,9.48,161,9.49,17,REGULAR,REGULAR,NYSE,10243
AMCR,20250717 09:36:51.858000,0,9.48,161,9.49,17,REGULAR,REGULAR,NYSE,10243
AMCR,20250717 09:36:51.858000,0,9.48,161,9.49,17,REGULAR,REGULAR,NYSE,10243
AMCR,20250717 09:36:51.870000,0,9.48,155,9.49,17,REGULAR,REGULAR,NYSE,10243
AMCR,20250717 09:36:53.836000,0,9.48,160,9.49,26,REGULAR,REGULAR,NYSE,10243
AMCR,20250717 09:36:53.992000,0,9.48,164,9.49,5,REGULAR,REGULAR,NYSE,10243
AMCR,20250717 09:36:57.018000,0,9.48,156,9.49,23,REGULAR,REGULAR,NYSE,10243
AMCR,20250717 09:36:59.502000,0,9.48,157,9.49,23,REGULAR,REGULAR,NYSE,10243
AMCR,20250717 09:36:59.505000,0,9.48,163,9.49,22,REGULAR,REGULAR,NYSE,10243
AMCR,20250717 09:37:01.962000,0,9.49,52,9.5,102,REGULAR,REGULAR,NYSE,10243
AMCR,20250717 09:37:01.963000,0,9.49,61,9.5,99,REGULAR,REGULAR,NYSE,10243
AMCR,20250717 09:37:01.964000,0,9.49,66,9.5,99,REGULAR,REGULAR,IEX,10243
AMCR,20250717 09:37:01.966000,0,9.49,66,9.5,99,REGULAR,REGULAR,IEX,10243
AMCR,20250717 09:37:04.601000,0,9.49,108,9.5,59,REGULAR,REGULAR,NYSE,10308
AMCR,20250717 09:37:04.606000,0,9.49,108,9.5,59,REGULAR,REGULAR,NYSE,10308
AMCR,20250717 09:37:04.970000,0,9.49,66,9.5,121,REGULAR,REGULAR,IEX,10243
AMCR,20250717 09:37:04.970000,0,9.49,66,9.5,121,REGULAR,REGULAR,IEX,10243
AMCR,20250717 09:37:04.971000,0,9.49,47,9.5,126,REGULAR,REGULAR,BATS,10308
AMCR,20250717 09:37:04.972000,0,9.48,80,9.49,119,REGULAR,REGULAR,NYSE,10243
AMCR,20250717 09:37:04.972000,0,9.48,80,9.49,119,REGULAR,REGULAR,NYSE,10243
AMCR,20250717 09:37:04.972000,0,9.48,80,9.49,119,REGULAR,REGULAR,NYSE,10243
AMCR,20250717 09:37:04.972000,0,9.48,80,9.49,119,REGULAR,REGULAR,NYSE,10243
AMCR,20250717 09:37:04.972000,0,9.48,80,9.49,119,REGULAR,REGULAR,NYSE,10243
AMCR,20250717 09:37:04.972000,0,9.48,80,9.49,119,REGULAR,REGULAR,NYSE,10243
AMCR,20250717 09:37:04.972000,0,9.48,80,9.49,119,REGULAR,REGULAR,NYSE,10243
AMCR,20250717 09:37:04.972000,0,9.48,80,9.49,119,REGULAR,REGULAR,NYSE,10243
AMCR,20250717 09:37:04.972000,0,9.48,80,9.49,119,REGULAR,REGULAR,NYSE,10243
AMCR,20250717 09:37:04.972000,0,9.48,80,9.49,119,REGULAR,REGULAR,NYSE,10243
AMCR,20250717 09:37:04.972000,0,9.48,80,9.49,119,REGULAR,REGULAR,NYSE,10243
AMCR,20250717 09:37:04.972000,0,9.48,80,9.49,119,REGULAR,REGULAR,NYSE,10243
AMCR,20250717 09:37:04.973000,0,9.48,85,9.49,126,REGULAR,REGULAR,NYSE,10243
AMCR,20250717 09:37:05.856000,0,9.48,64,9.49,121,REGULAR,REGULAR,NYSE,10243
AMCR,20250717 09:37:08.615000,0,9.48,8,9.49,215,REGULAR,REGULAR,NYSE,10243
AMCR,20250717 09:37:08.615000,0,9.48,8,9.49,215,REGULAR,REGULAR,NYSE,10243
AMCR,20250717 09:37:08.615000,0,9.48,8,9.49,215,REGULAR,REGULAR,NYSE,10243
AMCR,20250717 09:37:08.615000,0,9.48,8,9.49,215,REGULAR,REGULAR,NYSE,10243
AMCR,20250717 09:37:08.615000,0,9.48,8,9.49,215,REGULAR,REGULAR,NYSE,10243
AMCR,20250717 09:37:08.615000,0,9.48,8,9.49,215,REGULAR,REGULAR,NYSE,10243
AMCR,20250717 09:37:08.615000,0,9.48,8,9.49,215,REGULAR,REGULAR,NYSE,10243
AMCR,20250717 09:37:08.615000,0,9.48,8,9.49,215,REGULAR,REGULAR,NYSE,10243
AMCR,20250717 09:37:08.615000,0,9.48,8,9.49,215,REGULAR,REGULAR,NYSE,10243
AMCR,20250717 09:37:08.615000,0,9.48,8,9.49,215,REGULAR,REGULAR,NYSE,10243
AMCR,20250717 09:37:08.615000,0,9.48,8,9.49,215,REGULAR,REGULAR,NYSE,10243
AMCR,20250717 09:37:08.616000,0,9.48,7,9.49,227,REGULAR,REGULAR,IEX,10243
AMCR,20250717 09:37:08.616000,0,9.48,7,9.49,227,REGULAR,REGULAR,IEX,10243
AMCR,20250717 09:37:08.616000,0,9.48,7,9.49,227,REGULAR,REGULAR,IEX,10243
AMCR,20250717 09:37:08.616000,0,9.48,7,9.49,227,REGULAR,REGULAR,IEX,10243
AMCR,20250717 09:37:08.619000,0,9.48,15,9.49,168,REGULAR,REGULAR,BATS,10243
AMCR,20250717 09:37:08.619000,0,9.48,15,9.49,168,REGULAR,REGULAR,BATS,10243
AMCR,20250717 09:37:12.592000,0,9.48,24,9.49,169,REGULAR,REGULAR,NYSE,10243
AMCR,20250717 09:37:13.216000,0,9.48,24,9.49,219,REGULAR,REGULAR,NYSE,10243
AMCR,20250717 09:37:13.626000,0,9.48,24,9.49,219,REGULAR,REGULAR,NYSE,10243
AMCR,20250717 09:37:13.627000,0,9.48,24,9.49,219,REGULAR,REGULAR,NYSE,10243
AMCR,20250717 09:37:13.627000,0,9.48,24,9.49,219,REGULAR,REGULAR,NYSE,10243
AMCR,20250717 09:37:13.954000,0,9.48,27,9.49,219,REGULAR,REGULAR,NYSE,10243
AMCR,20250717 09:37:15.221000,0,9.48,27,9.49,219,REGULAR,REGULAR,NYSE,10243
AMCR,20250717 09:37:16.002000,0,9.48,27,9.49,219,REGULAR,REGULAR,NYSE,10243
AMCR,20250717 09:37:16.002000,0,9.48,27,9.49,219,REGULAR,REGULAR,NYSE,10243
AMCR,20250717 09:37:16.113000,0,9.48,25,9.49,219,REGULAR,REGULAR,NYSE,10243
AMCR,20250717 09:37:16.400000,0,9.48,25,9.49,219,REGULAR,REGULAR,NYSE,10243
AMCR,20250717 09:37:16.586000,0,9.48,25,9.49,219,REGULAR,REGULAR,NYSE,10243
AMCR,20250717 09:37:24.453000,0,9.48,39,9.49,108,REGULAR,REGULAR,IEX,10243
AMCR,20250717 09:37:27.424000,0,9.48,36,9.49,119,REGULAR,REGULAR,NYSE,10243
AMCR,20250717 09:37:30.796000,0,9.48,75,9.49,105,REGULAR,REGULAR,NYSE,10243
AMCR,20250717 09:37:37.835000,0,9.48,78,9.49,104,REGULAR,REGULAR,NYSE,10243
AMCR,20250717 09:37:37.838000,0,9.48,78,9.49,104,REGULAR,REGULAR,NYSE,10243
AMCR,20250717 09:37:44.843000,0,9.48,78,9.49,46,REGULAR,REGULAR,NYSE,10243
AMCR,20250717 09:37:46.766000,0,9.48,78,9.49,46,REGULAR,REGULAR,NYSE,10243
AMCR,20250717 09:37:46.987000,0,9.48,78,9.49,46,REGULAR,REGULAR,NYSE,10243
AMCR,20250717 09:37:49.757000,0,9.48,39,9.49,46,REGULAR,REGULAR,IEX,10243
AMCR,20250717 09:37:49.766000,0,9.48,39,9.49,46,REGULAR,REGULAR,IEX,10243
AMCR,20250717 09:37:51.000000,0,9.48,39,9.49,46,REGULAR,REGULAR,IEX,10243
AMCR,20250717 09:37:56.838000,0,9.48,56,9.49,47,REGULAR,REGULAR,NYSE,10243
AMCR,20250717 09:37:57.555000,0,9.48,41,9.49,60,REGULAR,REGULAR,NYSE,10243
AMCR,20250717 09:38:01.024000,0,9.48,38,9.49,47,REGULAR,REGULAR,IEX,10243
AMCR,20250717 09:38:03.414000,0,9.48,38,9.49,60,REGULAR,REGULAR,IEX,10243
AMCR,20250717 09:38:05.389000,0,9.48,36,9.49,60,REGULAR,REGULAR,IEX,10243
AMCR,20250717 09:38:05.394000,0,9.48,36,9.49,47,REGULAR,REGULAR,IEX,10243
AMCR,20250717 09:38:06.638000,0,9.48,83,9.49,29,REGULAR,REGULAR,NYSE,10243
AMCR,20250717 09:38:08.677000,0,9.48,83,9.49,29,REGULAR,REGULAR,NYSE,10243
AMCR,20250717 09:38:13.767000,0,9.48,133,9.49,29,REGULAR,REGULAR,NYSE,10243
AMCR,20250717 09:38:15.479000,0,9.48,83,9.49,29,REGULAR,REGULAR,NYSE,10243
AMCR,20250717 09:38:18.421000,0,9.48,83,9.49,29,REGULAR,REGULAR,NYSE,10243
AMCR,20250717 09:38:20.604000,0,9.48,133,9.49,29,REGULAR,REGULAR,NYSE,10243
AMCR,20250717 09:38:20.617000,0,9.48,138,9.49,20,REGULAR,REGULAR,NYSE,10243
AMCR,20250717 09:38:21.144000,0,9.48,138,9.49,20,REGULAR,REGULAR,NYSE,10243
AMCR,20250717 09:38:24.520000,0,9.48,133,9.49,20,REGULAR,REGULAR,NYSE,10243
AMCR,20250717 09:38:29.854000,0,9.48,138,9.49,19,REGULAR,REGULAR,NYSE,10243
AMCR,20250717 09:38:30.525000,0,9.48,138,9.49,19,REGULAR,REGULAR,NYSE,10243
AMCR,20250717 09:38:30.525000,0,9.48,138,9.49,19,REGULAR,REGULAR,NYSE,10243
AMCR,20250717 09:38:30.525000,0,9.48,138,9.49,19,REGULAR,REGULAR,NYSE,10243
AMCR,20250717 09:38:30.525000,0,9.48,138,9.49,19,REGULAR,REGULAR,NYSE,10243
AMCR,20250717 09:38:30.542000,0,9.48,138,9.49,19,REGULAR,REGULAR,NYSE,10243
AMCR,20250717 09:38:34.966000,0,9.48,136,9.49,19,REGULAR,REGULAR,NYSE,10243
AMCR,20250717 09:38:36.938000,0,9.48,136,9.49,21,REGULAR,REGULAR,NYSE,10308
AMCR,20250717 09:38:36.938000,0,9.48,136,9.49,21,REGULAR,REGULAR,NYSE,10308
AMCR,20250717 09:38:40.032000,0,9.48,86,9.49,34,REGULAR,REGULAR,NYSE,10243
AMCR,20250717 09:38:40.032000,0,9.48,86,9.49,34,REGULAR,REGULAR,NYSE,10243
AMCR,20250717 09:38:40.033000,0,9.48,86,9.49,34,REGULAR,REGULAR,NYSE,10243
AMCR,20250717 09:38:40.033000,0,9.48,86,9.49,34,REGULAR,REGULAR,NYSE,10243
AMCR,20250717 09:38:40.036000,0,9.48,86,9.49,34,REGULAR,REGULAR,NYSE,10243
AMCR,20250717 09:38:40.038000,0,9.48,86,9.49,34,REGULAR,REGULAR,NYSE,10243
AMCR,20250717 09:38:40.039000,0,9.48,58,9.49,34,REGULAR,REGULAR,NYSE,10243
AMCR,20250717 09:38:42.766000,0,9.48,129,9.49,35,REGULAR,REGULAR,NYSE,10243
AMCR,20250717 09:38:44.842000,0,9.48,129,9.49,35,REGULAR,REGULAR,NYSE,10243
AMCR,20250717 09:38:47.845000,0,9.48,136,9.49,34,REGULAR,REGULAR,NYSE,10243
AMCR,20250717 09:38:50.847000,0,9.48,36,9.49,49,REGULAR,REGULAR,NYSE,10243
AMCR,20250717 09:38:53.850000,0,9.48,36,9.49,63,REGULAR,REGULAR,NYSE,10243
AMCR,20250717 09:38:56.850000,0,9.48,95,9.49,34,REGULAR,REGULAR,NYSE,10243
AMCR,20250717 09:39:02.850000,0,9.48,34,9.49,36,REGULAR,REGULAR,IEX,10308
AMCR,20250717 09:39:03.864000,0,9.48,34,9.49,36,REGULAR,REGULAR,IEX,10308
AMCR,20250717 09:39:05.605000,0,9.48,34,9.49,36,REGULAR,REGULAR,IEX,10308
AMCR,20250717 09:39:07.395000,0,9.48,94,9.49,34,REGULAR,REGULAR,NYSE,10243
AMCR,20250717 09:39:07.404000,0,9.48,94,9.49,34,REGULAR,REGULAR,NYSE,10243
AMCR,20250717 09:39:14.335000,0,9.48,35,9.49,36,REGULAR,REGULAR,IEX,10308
AMCR,20250717 09:39:14.361000,0,9.48,36,9.49,36,REGULAR,REGULAR,NYSE,10308
AMCR,20250717 09:39:20.856000,0,9.48,35,9.49,34,REGULAR,REGULAR,IEX,10243
AMCR,20250717 09:39:29.862000,0,9.48,35,9.49,39,REGULAR,REGULAR,IEX,10243
AMCR,20250717 09:39:35.633000,0,9.48,77,9.49,35,REGULAR,REGULAR,NYSE,10243
AMCR,20250717 09:39:38.234000,0,9.48,38,9.49,35,REGULAR,REGULAR,NYSE,10243
AMCR,20250717 09:39:38.239000,0,9.48,157,9.49,33,REGULAR,REGULAR,NYSE,10243
AMCR,20250717 09:39:38.239000,0,9.48,157,9.49,33,REGULAR,REGULAR,NYSE,10243
AMCR,20250717 09:39:38.239000,0,9.48,157,9.49,33,REGULAR,REGULAR,NYSE,10243
AMCR,20250717 09:39:38.239000,0,9.48,157,9.49,33,REGULAR,REGULAR,NYSE,10243
AMCR,20250717 09:39:38.241000,0,9.48,107,9.49,33,REGULAR,REGULAR,NYSE,10243
AMCR,20250717 09:39:38.241000,0,9.48,107,9.49,33,REGULAR,REGULAR,NYSE,10243
AMCR,20250717 09:39:38.241000,0,9.48,107,9.49,33,REGULAR,REGULAR,NYSE,10243
AMCR,20250717 09:39:38.254000,0,9.48,172,9.49,30,REGULAR,REGULAR,NYSE,10243
AMCR,20250717 09:39:38.265000,0,9.48,187,9.49,28,REGULAR,REGULAR,NYSE,10243
AMCR,20250717 09:39:38.278000,0,9.48,172,9.49,44,REGULAR,REGULAR,NYSE,10243
AMCR,20250717 09:39:41.600000,0,9.48,181,9.49,30,REGULAR,REGULAR,NYSE,10243
AMCR,20250717 09:39:41.606000,0,9.48,168,9.49,30,REGULAR,REGULAR,NYSE,10243
AMCR,20250717 09:39:42.213000,0,9.48,118,9.49,30,REGULAR,REGULAR,NYSE,10243
AMCR,20250717 09:39:42.213000,0,9.48,118,9.49,30,REGULAR,REGULAR,NYSE,10243
AMCR,20250717 09:39:42.213000,0,9.48,118,9.49,30,REGULAR,REGULAR,NYSE,10243
AMCR,20250717 09:39:42.213000,0,9.48,118,9.49,30,REGULAR,REGULAR,NYSE,10243
AMCR,20250717 09:39:42.213000,0,9.48,118,9.49,30,REGULAR,REGULAR,NYSE,10243
AMCR,20250717 09:39:42.213000,0,9.48,118,9.49,30,REGULAR,REGULAR,NYSE,10243
AMCR,20250717 09:39:42.213000,0,9.48,118,9.49,30,REGULAR,REGULAR,NYSE,10243
AMCR,20250717 09:39:42.213000,0,9.48,118,9.49,30,REGULAR,REGULAR,NYSE,10243
AMCR,20250717 09:39:42.213000,0,9.48,118,9.49,30,REGULAR,REGULAR,NYSE,10243
AMCR,20250717 09:39:42.214000,0,9.47,94,9.48,89,REGULAR,REGULAR,NQEX,10308
AMCR,20250717 09:39:42.214000,0,9.47,94,9.48,89,REGULAR,REGULAR,NQEX,10308
AMCR,20250717 09:39:42.214000,0,9.47,94,9.48,89,REGULAR,REGULAR,NQEX,10308
AMCR,20250717 09:39:42.214000,0,9.47,94,9.48,89,REGULAR,REGULAR,NQEX,10308
AMCR,20250717 09:39:42.214000,0,9.47,94,9.48,89,REGULAR,REGULAR,NQEX,10308
AMCR,20250717 09:39:42.214000,0,9.47,94,9.48,89,REGULAR,REGULAR,NQEX,10308
AMCR,20250717 09:39:42.214000,0,9.47,94,9.48,89,REGULAR,REGULAR,NQEX,10308
AMCR,20250717 09:39:42.214000,0,9.47,94,9.48,89,REGULAR,REGULAR,NQEX,10308
AMCR,20250717 09:39:42.214000,0,9.47,94,9.48,89,REGULAR,REGULAR,NQEX,10308
AMCR,20250717 09:39:42.214000,0,9.47,94,9.48,89,REGULAR,REGULAR,NQEX,10308
AMCR,20250717 09:39:42.214000,0,9.47,94,9.48,89,REGULAR,REGULAR,NQEX,10308
AMCR,20250717 09:39:42.214000,0,9.47,94,9.48,89,REGULAR,REGULAR,NQEX,10308
AMCR,20250717 09:39:42.214000,0,9.47,94,9.48,89,REGULAR,REGULAR,NQEX,10308
AMCR,20250717 09:39:42.214000,0,9.47,94,9.48,89,REGULAR,REGULAR,NQEX,10308
AMCR,20250717 09:39:42.214000,0,9.47,94,9.48,89,REGULAR,REGULAR,NQEX,10308
AMCR,20250717 09:39:42.214000,0,9.47,94,9.48,89,REGULAR,REGULAR,NQEX,10308
AMCR,20250717 09:39:42.214000,0,9.47,94,9.48,89,REGULAR,REGULAR,NQEX,10308
AMCR,20250717 09:39:42.214000,0,9.47,94,9.48,89,REGULAR,REGULAR,NQEX,10308
AMCR,20250717 09:39:42.214000,0,9.47,94,9.48,89,REGULAR,REGULAR,NQEX,10308
AMCR,20250717 09:39:42.214000,0,9.47,94,9.48,89,REGULAR,REGULAR,NQEX,10308
AMCR,20250717 09:39:42.214000,0,9.47,94,9.48,89,REGULAR,REGULAR,NQEX,10308
AMCR,20250717 09:39:42.214000,0,9.47,94,9.48,89,REGULAR,REGULAR,NQEX,10308
AMCR,20250717 09:39:42.214000,0,9.47,94,9.48,89,REGULAR,REGULAR,NQEX,10308
AMCR,20250717 09:39:42.214000,0,9.47,94,9.48,89,REGULAR,REGULAR,NQEX,10308
AMCR,20250717 09:39:42.214000,0,9.47,94,9.48,89,REGULAR,REGULAR,NQEX,10308
