SymbolId,TradeTime,Index,Size,TotalVolume,Price,ReportingExchange,TradeCondition
AMCR,20250717 07:00:23.059000,154050,1,1,9.46,PACF,12545
AMCR,20250717 07:00:23.064000,154302,10,20,9.44,MEMX,12545
AMCR,20250717 07:00:40.169000,155322,5,26,9.43,MEMX,12545
AMCR,20250717 07:00:40.169000,155316,1,21,9.44,MEMX,12545
AMCR,20250717 07:00:40.169000,155323,9,35,9.43,MEMX,12545
AMCR,20250717 07:00:40.177000,155428,10,45,9.43,MEMX,12545
AMCR,20250717 07:20:47.562000,177157,1,46,9.46,BATY,12545
AMCR,20250717 07:32:06.699000,186241,14,61,9.43,MEMX,12545
AMCR,20250717 07:32:06.699000,186240,1,47,9.43,MEMX,12545
AMCR,20250717 07:32:06.706000,186361,5,72,9.42,MEMX,12545
AMCR,20250717 07:32:06.706000,186329,6,67,9.43,MEMX,12545
AMCR,20250717 07:46:14.858000,199601,10,82,9.44,EDGX,12545
AMCR,20250717 07:46:14.858000,199602,44,126,9.44,EDGX,12545
AMCR,20250717 07:46:14.858000,199603,1,127,9.44,EDGX,12545
AMCR,20250717 07:54:31.312000,208548,18,145,9.46,PACF,12545
AMCR,20250717 07:54:31.313000,208549,18,163,9.46,PACF,12545
AMCR,20250717 08:00:06.308000,241461,15,178,9.44,EDGX,12545
AMCR,20250717 08:00:09.026000,249656,18,196,9.44,NQNX,12545
AMCR,20250717 08:00:10.488000,252286,1,197,9.48,NQNX,12545
AMCR,20250717 08:00:35.215000,274986,1,198,9.46,NQNX,12545
AMCR,20250717 08:02:22.537000,290053,1,199,9.46,NQNX,12545
AMCR,20250717 08:16:33.004000,324178,3,202,9.46,BATS,12545
AMCR,20250717 08:20:01.630000,333637,10,230,9.44,EDGX,12545
AMCR,20250717 08:20:01.630000,333663,1,232,9.44,EDGX,12545
AMCR,20250717 08:20:01.630000,333664,1,233,9.44,EDGX,12545
AMCR,20250717 08:20:01.630000,333631,8,220,9.44,PACF,12545
AMCR,20250717 08:20:01.630000,333661,1,231,9.44,EDGX,12545
AMCR,20250717 08:20:01.630000,333607,10,212,9.44,EDGX,12545
AMCR,20250717 08:20:11.106000,334250,15,248,9.44,EDGX,12545
AMCR,20250717 08:20:11.107000,334265,3,268,9.44,EDGX,12545
AMCR,20250717 08:20:11.107000,334259,17,265,9.44,EDGX,12545
AMCR,20250717 08:20:11.107000,334271,2,270,9.44,EDGX,12545
AMCR,20250717 08:20:11.107000,334272,3,273,9.44,EDGX,12545
AMCR,20250717 08:20:56.515000,335830,1,289,9.44,EDGX,12545
AMCR,20250717 08:20:56.515000,335819,15,288,9.44,EDGX,12545
AMCR,20250717 08:51:44.749000,415505,1,290,9.47,NQNX,12545
AMCR,20250717 08:54:12.490000,422578,11,301,9.46,BATS,12545
AMCR,20250717 08:54:12.490000,422579,4,305,9.46,BATS,12545
AMCR,20250717 08:54:12.491000,422581,29,363,9.46,NQEX,12545
AMCR,20250717 08:54:12.491000,422580,29,334,9.46,PACF,12545
AMCR,20250717 08:54:12.492000,422582,27,390,9.46,PACF,12545
AMCR,20250717 08:55:24.458000,426085,5,395,9.47,NTRF,12545
AMCR,20250717 08:58:32.714000,434008,20,415,9.47,NTRF,12545
AMCR,20250717 09:06:04.865000,454555,3,418,9.46,PACF,12545
AMCR,20250717 09:06:04.865000,454556,486,904,9.47,PACF,12545
AMCR,20250717 09:10:19.459000,468104,100,1004,9.44,NTRF,12545
AMCR,20250717 09:10:52.600000,469542,5,1009,9.46,PACF,12545
AMCR,20250717 09:15:13.348000,482836,200,1209,9.44,NTRF,12545
AMCR,20250717 09:15:42.089000,485047,2,1211,9.44,NQNX,12545
AMCR,20250717 09:15:58.127000,485842,5,1216,9.47,NTRF,12545
AMCR,20250717 09:21:25.073000,504964,5,1221,9.46,PACF,12545
AMCR,20250717 09:21:25.074000,504965,5,1226,9.46,PACF,12545
AMCR,20250717 09:21:25.074000,504966,10,1236,9.46,NQEX,12545
AMCR,20250717 09:21:26.150000,505054,10,1246,9.46,NQEX,12545
AMCR,20250717 09:23:19.880000,511072,23,1346,9.47,NQEX,12545
AMCR,20250717 09:23:19.880000,511070,75,1321,9.47,PACF,12545
AMCR,20250717 09:23:19.880000,511071,2,1323,9.47,NQEX,12545
AMCR,20250717 09:25:46.339000,519972,2,1348,9.47,NQNX,12545
AMCR,20250717 09:26:32.091000,523137,2,1350,9.47,NQNX,12545
AMCR,20250717 09:27:58.550000,529391,10,1360,9.47,NQNX,12545
AMCR,20250717 09:30:00.796000,552548,600,1960,9.46,NQEX,12545
AMCR,20250717 09:30:00.796000,552574,77,2037,9.46,NQEX,12545
AMCR,20250717 09:30:00.870000,555539,101,2259,9.44,PACF,12610
AMCR,20250717 09:30:00.870000,555538,101,2158,9.44,PACF,12544
AMCR,20250717 09:30:00.870000,555537,20,2057,9.44,MEMX,12659
AMCR,20250717 09:30:00.915000,557296,1,284128,9.44,PACF,12659
AMCR,20250717 09:30:00.915000,557286,140934,284127,9.44,NYSE,12610
AMCR,20250717 09:30:00.915000,557285,140934,143193,9.44,NYSE,12606
AMCR,20250717 09:30:00.915000,557297,10,284138,9.44,PACF,12659
AMCR,20250717 09:30:00.924000,557862,158,284296,9.44,NQNX,12640
AMCR,20250717 09:30:00.968000,559754,70,284366,9.44,EDGX,12659
AMCR,20250717 09:30:01.076000,563894,1,284367,9.44,NQNX,12659
AMCR,20250717 09:30:01.107000,564718,1,285454,9.44,NQEX,12659
AMCR,20250717 09:30:01.107000,564713,1086,285453,9.43,PACF,12544
AMCR,20250717 09:30:01.107000,564738,46,287100,9.44,NYSE,12659
AMCR,20250717 09:30:01.107000,564728,53,287054,9.43,BATS,12659
AMCR,20250717 09:30:01.107000,564723,1347,287001,9.43,BATS,12639
AMCR,20250717 09:30:01.107000,564722,199,285654,9.44,NQEX,12544
AMCR,20250717 09:30:01.107000,564721,1,285455,9.44,NQEX,12610
AMCR,20250717 09:30:01.108000,564777,2,287102,9.43,NQEX,12659
AMCR,20250717 09:30:01.326000,571565,652,287754,9.44,NQNX,12640
AMCR,20250717 09:30:01.378000,573125,487,288441,9.43,NYSE,12544
AMCR,20250717 09:30:01.378000,573123,200,287954,9.42,PACF,12544
AMCR,20250717 09:30:01.378000,573133,2486,291131,9.43,NQEX,12544
AMCR,20250717 09:30:01.378000,573135,1,291332,9.43,NYSE,12659
AMCR,20250717 09:30:01.378000,573134,200,291331,9.43,NQEX,12544
AMCR,20250717 09:30:01.378000,573128,4,288445,9.42,IEX,12659
AMCR,20250717 09:30:01.378000,573132,200,288645,9.42,PACF,12544
AMCR,20250717 09:30:01.407000,573923,252,291584,9.43,NYSE,12639
AMCR,20250717 09:30:01.407000,573924,200,291784,9.43,PACF,12544
AMCR,20250717 09:30:01.434000,574870,5,291789,9.44,NQNX,12640
AMCR,20250717 09:30:01.441000,575005,205,291994,9.44,NQNX,12640
AMCR,20250717 09:30:01.559000,577734,1500,293494,9.43,NQNX,12544
AMCR,20250717 09:30:01.595000,578669,100,293594,9.44,NYSE,12639
AMCR,20250717 09:30:01.596000,578682,200,293983,9.44,PACF,12544
AMCR,20250717 09:30:01.596000,578686,279,294262,9.44,NYSE,12544
AMCR,20250717 09:30:01.596000,578687,200,294462,9.44,NQEX,12544
AMCR,20250717 09:30:01.596000,578688,400,294862,9.44,BATS,12544
AMCR,20250717 09:30:01.596000,578693,47,295109,9.44,BATS,12659
AMCR,20250717 09:30:01.596000,578694,200,295309,9.44,EDGX,12544
AMCR,20250717 09:30:01.596000,578695,200,295509,9.44,NQEX,12544
AMCR,20250717 09:30:01.596000,578690,200,295062,9.44,EDGX,12544
AMCR,20250717 09:30:01.596000,578680,189,293783,9.44,PACF,12544
AMCR,20250717 09:30:01.596000,578697,200,295709,9.44,NQEX,12544
AMCR,20250717 09:30:01.794000,582687,1,295710,9.43,NQNX,12659
AMCR,20250717 09:30:01.962000,587942,1,295711,9.44,NQNX,12640
AMCR,20250717 09:30:02.056000,590926,1,295712,9.44,NQNX,12640
AMCR,20250717 09:30:02.057000,590938,1,295713,9.44,NQNX,12640
AMCR,20250717 09:30:02.058000,590970,1,295714,9.44,NQNX,12640
AMCR,20250717 09:30:02.059000,591003,1,295715,9.44,NQNX,12640
AMCR,20250717 09:30:02.108000,592887,1,295716,9.44,NQNX,12640
AMCR,20250717 09:30:02.206000,596746,1,295717,9.44,NQNX,12640
AMCR,20250717 09:30:02.417000,606004,1,295718,9.44,NQNX,12640
AMCR,20250717 09:30:02.420000,606097,1,295719,9.44,NQNX,12640
AMCR,20250717 09:30:02.449000,607250,1,295720,9.44,NQNX,12640
AMCR,20250717 09:30:02.451000,607313,1,295721,9.44,NQNX,12640
AMCR,20250717 09:30:02.452000,607347,1,295722,9.44,NQNX,12640
AMCR,20250717 09:30:02.521000,609742,100,295822,9.44,NQNX,12544
AMCR,20250717 09:30:02.608000,612310,13,295835,9.44,IEX,12659
AMCR,20250717 09:30:02.609000,612341,1,295836,9.44,NQNX,12640
AMCR,20250717 09:30:02.649000,613274,1,295837,9.43,NQNX,12659
AMCR,20250717 09:30:02.772000,616316,1,295838,9.44,NQNX,12640
AMCR,20250717 09:30:02.930000,619489,130,295968,9.44,BATS,12544
AMCR,20250717 09:30:02.984000,620587,1,295969,9.44,NQNX,12640
AMCR,20250717 09:30:03.013000,621126,1,295970,9.44,NQNX,12659
AMCR,20250717 09:30:03.133000,623812,1,295972,9.43,NQNX,12640
AMCR,20250717 09:30:03.133000,623809,1,295971,9.43,NQNX,12659
AMCR,20250717 09:30:03.436000,629427,130,296172,9.44,NQEX,12544
AMCR,20250717 09:30:03.436000,629425,70,296042,9.44,NQEX,12659
AMCR,20250717 09:30:04.209000,640711,700,296872,9.44,NYSE,12544
AMCR,20250717 09:30:04.743000,644523,1,296873,9.44,NQNX,12659
AMCR,20250717 09:30:05.083000,646366,100,296973,9.44,NYSE,12639
AMCR,20250717 09:30:05.084000,646369,200,297273,9.44,IEX,12544
AMCR,20250717 09:30:05.084000,646368,100,297073,9.44,IEX,12544
AMCR,20250717 09:30:05.112000,646484,400,302075,9.44,BATS,12639
AMCR,20250717 09:30:05.112000,646482,4002,301475,9.44,NYSE,12639
AMCR,20250717 09:30:05.112000,646486,2555,304653,9.44,MEMX,12639
AMCR,20250717 09:30:05.112000,646485,23,302098,9.44,EDGX,12659
AMCR,20250717 09:30:05.112000,646483,200,301675,9.44,EDGX,12639
AMCR,20250717 09:30:05.112000,646481,200,297473,9.44,PACF,12639
AMCR,20250717 09:30:05.113000,646490,200,305653,9.44,NQEX,12639
AMCR,20250717 09:30:05.113000,646489,400,305453,9.44,BATS,12544
AMCR,20250717 09:30:05.113000,646493,200,305853,9.44,NQEX,12544
AMCR,20250717 09:30:05.113000,646488,200,305053,9.44,EDGX,12544
AMCR,20250717 09:30:05.113000,646495,200,306453,9.44,EDGX,12544
AMCR,20250717 09:30:05.113000,646497,200,306653,9.44,NQEX,12544
AMCR,20250717 09:30:05.113000,646498,200,306853,9.44,NQEX,12544
AMCR,20250717 09:30:05.113000,646487,200,304853,9.44,PACF,12544
AMCR,20250717 09:30:05.113000,646494,400,306253,9.44,BATS,12544
AMCR,20250717 09:30:05.122000,646529,200,307496,9.46,EDGX,12639
AMCR,20250717 09:30:05.122000,646530,757,308253,9.46,BATS,12639
AMCR,20250717 09:30:05.122000,646527,200,307296,9.46,PACF,12639
AMCR,20250717 09:30:05.122000,646525,243,307096,9.46,NYSE,12544
AMCR,20250717 09:30:05.129000,646546,1,308254,9.45,NQNX,12659
AMCR,20250717 09:30:05.168000,646814,200,308454,9.46,PACF,12639
AMCR,20250717 09:30:05.169000,646819,100,308554,9.46,IEX,12544
AMCR,20250717 09:30:05.184000,646992,100,308654,9.46,PACF,12639
AMCR,20250717 09:30:05.185000,647006,200,310097,9.46,EDGX,12544
AMCR,20250717 09:30:05.185000,647007,200,310297,9.46,NQEX,12544
AMCR,20250717 09:30:05.185000,647008,100,310397,9.46,NQEX,12544
AMCR,20250717 09:30:05.185000,647009,200,310597,9.46,NQEX,12544
AMCR,20250717 09:30:05.185000,647010,200,310797,9.46,NQEX,12544
AMCR,20250717 09:30:05.185000,647005,200,309897,9.46,PACF,12544
AMCR,20250717 09:30:05.185000,647004,100,309697,9.46,BATS,12544
AMCR,20250717 09:30:05.185000,647000,100,308754,9.46,PACF,12544
AMCR,20250717 09:30:05.185000,647001,200,308954,9.46,EDGX,12544
AMCR,20250717 09:30:05.185000,647002,243,309197,9.46,BATS,12544
AMCR,20250717 09:30:05.185000,647003,400,309597,9.46,BATS,12544
AMCR,20250717 09:30:05.186000,647011,200,310997,9.46,PACF,12544
AMCR,20250717 09:30:05.186000,647012,100,311097,9.46,EDGX,12544
AMCR,20250717 09:30:05.186000,647014,100,311597,9.46,EDGX,12544
AMCR,20250717 09:30:05.186000,647015,200,311797,9.46,NQEX,12544
AMCR,20250717 09:30:05.186000,647021,200,311997,9.46,PACF,12639
AMCR,20250717 09:30:05.186000,647013,400,311497,9.46,BATS,12544
AMCR,20250717 09:30:05.187000,647024,200,312197,9.46,NQEX,12544
AMCR,20250717 09:30:05.192000,647078,100,312297,9.46,EDGX,12544
AMCR,20250717 09:30:05.198000,647187,400,312797,9.47,NYSE,12544
AMCR,20250717 09:30:05.198000,647182,100,312397,9.46,EDGX,12544
AMCR,20250717 09:30:05.199000,647195,400,314997,9.47,BATS,12544
AMCR,20250717 09:30:05.199000,647194,200,314597,9.47,EDGX,12544
AMCR,20250717 09:30:05.199000,647193,1600,314397,9.47,BATS,12544
AMCR,20250717 09:30:05.199000,647202,200,315197,9.47,NQEX,12544
AMCR,20250717 09:30:05.200000,647215,100,315297,9.46,PACF,12544
AMCR,20250717 09:30:05.200000,647216,100,315397,9.46,NQNX,12544
AMCR,20250717 09:30:05.201000,647218,200,315597,9.47,NQEX,12544
AMCR,20250717 09:30:05.203000,647237,100,315697,9.46,NQNX,12544
AMCR,20250717 09:30:05.212000,647277,2200,317897,9.47,NYSE,12544
AMCR,20250717 09:30:05.217000,647314,84,318797,9.47,BATS,12659
AMCR,20250717 09:30:05.217000,647312,200,318713,9.47,EDGX,12639
AMCR,20250717 09:30:05.217000,647311,200,318513,9.47,PACF,12639
AMCR,20250717 09:30:05.217000,647310,416,318313,9.47,NYSE,12544
AMCR,20250717 09:30:05.243000,647520,100,318897,9.47,NYSE,12544
AMCR,20250717 09:30:05.723000,650901,3,318900,9.47,NQNX,12659
AMCR,20250717 09:30:05.726000,650922,100,319000,9.47,NYSE,12544
AMCR,20250717 09:30:05.727000,650935,32,319032,9.47,NQNX,12659
AMCR,20250717 09:30:05.729000,650944,1,319033,9.47,NQNX,12659
AMCR,20250717 09:30:05.730000,650951,2,319035,9.47,NQNX,12659
AMCR,20250717 09:30:05.798000,651902,100,319135,9.46,NTRF,12544
AMCR,20250717 09:30:06.170000,653976,200,319335,9.47,NYSE,12639
AMCR,20250717 09:30:06.173000,653996,100,319535,9.47,NYSE,12544
AMCR,20250717 09:30:06.173000,653991,100,319435,9.47,NYSE,12639
AMCR,20250717 09:30:06.173000,653997,700,320235,9.47,NYSE,12544
AMCR,20250717 09:30:06.214000,654232,316,320551,9.47,BATS,12544
AMCR,20250717 09:30:06.214000,654233,200,320751,9.47,PACF,12544
AMCR,20250717 09:30:06.214000,654234,100,320851,9.47,PACF,12544
AMCR,20250717 09:30:06.214000,654236,184,321035,9.47,NQEX,12544
AMCR,20250717 09:30:06.219000,654296,100,321135,9.47,EDGX,12639
AMCR,20250717 09:30:06.281000,654719,25,321160,9.47,PACF,12659
AMCR,20250717 09:30:06.297000,654816,25,321185,9.47,PACF,12659
AMCR,20250717 09:30:06.314000,654927,25,321210,9.47,PACF,12659
AMCR,20250717 09:30:06.329000,655165,25,321235,9.47,PACF,12659
AMCR,20250717 09:30:06.417000,655765,32,321267,9.44,NQNX,12659
AMCR,20250717 09:30:06.419000,655784,2,321269,9.46,NQNX,12659
AMCR,20250717 09:30:06.421000,655792,10,321279,9.47,PACF,12659
AMCR,20250717 09:30:06.421000,655795,100,321495,9.47,EDGX,12639
AMCR,20250717 09:30:06.421000,655796,100,321595,9.47,NQEX,12639
AMCR,20250717 09:30:06.421000,655793,100,321379,9.47,EDGX,12639
AMCR,20250717 09:30:06.421000,655794,16,321395,9.47,NQEX,12659
AMCR,20250717 09:30:06.421000,655797,400,321995,9.47,BATS,12639
AMCR,20250717 09:30:06.421000,655798,3000,324995,9.47,NQEX,12639
AMCR,20250717 09:30:06.431000,655835,400,325495,9.47,BATS,12639
AMCR,20250717 09:30:06.431000,655834,100,325095,9.47,EDGX,12639
AMCR,20250717 09:30:06.437000,655854,1,325496,9.46,NQNX,12659
AMCR,20250717 09:30:06.534000,656614,200,325796,9.46,NQEX,12544
AMCR,20250717 09:30:06.534000,656610,100,325596,9.46,PACF,12544
AMCR,20250717 09:30:06.535000,656618,100,325996,9.46,NQNX,12544
AMCR,20250717 09:30:06.535000,656616,100,325896,9.46,NQNX,12544
AMCR,20250717 09:30:06.538000,656638,100,326096,9.47,NYSE,12544
AMCR,20250717 09:30:06.547000,656677,200,326296,9.46,PACF,12544
AMCR,20250717 09:30:06.640000,657215,100,326396,9.46,NTRF,12544
AMCR,20250717 09:30:06.742000,657984,100,327096,9.46,BATS,12544
AMCR,20250717 09:30:06.742000,657982,350,326746,9.46,NYSE,12544
AMCR,20250717 09:30:06.742000,657985,800,327896,9.46,BATS,12544
AMCR,20250717 09:30:06.742000,657983,250,326996,9.46,MEMX,12544
AMCR,20250717 09:30:06.743000,657990,6,327902,9.44,NQNX,12659
AMCR,20250717 09:30:06.745000,658077,100,328002,9.46,NYSE,12544
AMCR,20250717 09:30:06.761000,658220,100,328102,9.46,NYSE,12544
AMCR,20250717 09:30:06.871000,658780,3,328105,9.44,NQNX,12659
AMCR,20250717 09:30:06.908000,658938,2,328107,9.44,NQNX,12659
AMCR,20250717 09:30:06.979000,659305,2,328109,9.44,NQNX,12659
AMCR,20250717 09:30:07.037000,659657,2,328111,9.46,NQNX,12659
AMCR,20250717 09:30:07.139000,660678,3,328114,9.46,NQNX,12659
AMCR,20250717 09:30:07.142000,660718,100,328214,9.46,NYSE,12544
AMCR,20250717 09:30:07.184000,661018,1,328215,9.44,NQNX,12659
AMCR,20250717 09:30:07.245000,661653,200,328415,9.47,NQNX,12544
AMCR,20250717 09:30:07.939000,664607,300,328715,9.46,NQNX,12544
AMCR,20250717 09:30:07.943000,664616,200,328915,9.47,NYSE,12544
AMCR,20250717 09:30:08.217000,665173,400,329315,9.47,NYSE,12544
AMCR,20250717 09:30:08.232000,665184,84,329399,9.47,NYSE,12659
AMCR,20250717 09:30:08.745000,666753,100,329499,9.47,NYSE,12544
AMCR,20250717 09:30:10.024000,673301,100,329599,9.46,NQNX,12544
AMCR,20250717 09:30:10.024000,673305,2,329601,9.46,NQNX,12659
AMCR,20250717 09:30:10.024000,673310,2,329603,9.46,NQNX,12659
AMCR,20250717 09:30:10.024000,673315,6,329609,9.46,NQNX,12659
AMCR,20250717 09:30:10.046000,674297,12,329621,9.47,NQNX,12659
AMCR,20250717 09:30:10.054000,674583,200,329821,9.47,NYSE,12544
AMCR,20250717 09:30:11.758000,685807,100,329921,9.47,NYSE,12544
AMCR,20250717 09:30:15.736000,702632,2680,332601,9.44,NQNX,12640
AMCR,20250717 09:30:16.723000,706523,12,332613,9.47,NQNX,12659
AMCR,20250717 09:30:17.768000,709506,12,332625,9.47,NQNX,12659
AMCR,20250717 09:30:18.735000,711930,12,332637,9.47,NQNX,12659
AMCR,20250717 09:30:19.768000,714737,12,332649,9.46,BTRF,12659
AMCR,20250717 09:30:19.813000,714846,100,332749,9.47,IEX,12544
AMCR,20250717 09:30:20.740000,718013,100,332849,9.47,NYSE,12544
AMCR,20250717 09:30:22.702000,722472,3800,336649,9.46,NQNX,12544
AMCR,20250717 09:30:22.703000,722473,1625,338274,9.46,NQNX,12544
AMCR,20250717 09:30:22.706000,722475,100,338374,9.47,NYSE,12544
AMCR,20250717 09:30:22.707000,722479,100,338474,9.46,NQNX,12544
AMCR,20250717 09:30:22.725000,722758,200,338674,9.47,NYSE,12544
AMCR,20250717 09:30:23.749000,725671,100,338774,9.47,NYSE,12544
AMCR,20250717 09:30:25.364000,730026,200,339874,9.47,EDGX,12639
AMCR,20250717 09:30:25.364000,730025,900,339674,9.47,NYSE,12639
AMCR,20250717 09:30:25.364000,730027,400,340274,9.47,BATS,12639
AMCR,20250717 09:30:25.364000,730028,100,340374,9.47,BATS,12639
AMCR,20250717 09:30:25.364000,730029,200,340574,9.47,NQEX,12639
AMCR,20250717 09:30:25.364000,730030,16,340590,9.47,IEX,12659
AMCR,20250717 09:30:25.364000,730031,2,340592,9.47,NQEX,12659
AMCR,20250717 09:30:25.365000,730032,14,340606,9.47,IEX,12659
AMCR,20250717 09:30:25.368000,730035,100,340706,9.47,EDGX,12639
AMCR,20250717 09:30:25.369000,730036,68,340774,9.47,IEX,12659
AMCR,20250717 09:30:25.379000,730142,100,340874,9.47,EDGX,12639
AMCR,20250717 09:30:25.379000,730146,200,341488,9.47,NQEX,12639
AMCR,20250717 09:30:25.379000,730145,14,341288,9.47,NQEX,12659
AMCR,20250717 09:30:25.379000,730143,400,341274,9.47,BATS,12544
AMCR,20250717 09:30:25.386000,730170,100,341588,9.47,NYSE,12544
AMCR,20250717 09:30:25.406000,730534,2,341590,9.47,NQEX,12659
AMCR,20250717 09:30:25.406000,730535,1,341591,9.47,NQEX,12659
AMCR,20250717 09:30:25.406000,730539,6,341610,9.47,NQEX,12659
AMCR,20250717 09:30:25.406000,730538,2,341604,9.47,NQEX,12659
AMCR,20250717 09:30:25.406000,730537,6,341602,9.47,NQEX,12659
AMCR,20250717 09:30:25.406000,730536,5,341596,9.47,NQEX,12659
AMCR,20250717 09:30:25.475000,730768,107,341717,9.47,NTRF,12544
AMCR,20250717 09:30:25.497000,730842,1400,343117,9.47,NQNX,12544
AMCR,20250717 09:30:25.500000,730846,100,343217,9.47,NYSE,12544
AMCR,20250717 09:30:25.510000,731021,430,343647,9.47,NQNX,12544
AMCR,20250717 09:30:25.512000,731029,430,344077,9.47,NQNX,12544
AMCR,20250717 09:30:25.514000,731043,100,344177,9.47,NYSE,12544
AMCR,20250717 09:30:25.517000,731061,400,344577,9.47,NQNX,12544
AMCR,20250717 09:30:25.521000,731078,100,344677,9.47,NYSE,12544
AMCR,20250717 09:30:25.531000,731191,2370,347047,9.47,NQNX,12544
AMCR,20250717 09:30:25.534000,731196,300,347347,9.47,NYSE,12544
AMCR,20250717 09:30:25.549000,731293,2800,350147,9.47,NQNX,12544
AMCR,20250717 09:30:25.551000,731297,400,350547,9.47,NYSE,12544
AMCR,20250717 09:30:25.558000,731323,460,351007,9.47,NQNX,12544
AMCR,20250717 09:30:25.560000,731359,100,351107,9.47,NYSE,12544
AMCR,20250717 09:30:26.163000,732736,7,351114,9.48,NQNX,12659
AMCR,20250717 09:30:26.168000,732740,100,351214,9.48,NYSE,12544
AMCR,20250717 09:30:26.757000,733954,68,351282,9.48,CINC,12659
AMCR,20250717 09:30:26.757000,733955,32,351314,9.48,IEX,12659
AMCR,20250717 09:30:27.596000,737113,200,354121,9.48,NQEX,12639
AMCR,20250717 09:30:27.596000,737112,7,353921,9.48,PACF,12659
AMCR,20250717 09:30:27.596000,737111,400,353914,9.48,BATS,12639
AMCR,20250717 09:30:27.596000,737110,200,353514,9.48,EDGX,12639
AMCR,20250717 09:30:27.596000,737109,8,353314,9.48,EDGX,12659
AMCR,20250717 09:30:27.596000,737108,1,353306,9.48,MEMX,12659
AMCR,20250717 09:30:27.596000,737105,200,351514,9.48,PACF,12639
AMCR,20250717 09:30:27.596000,737106,91,351605,9.48,PACF,12659
AMCR,20250717 09:30:27.596000,737107,1700,353305,9.48,NYSE,12639
AMCR,20250717 09:30:27.597000,737115,394,354521,9.48,BATS,12544
AMCR,20250717 09:30:27.597000,737116,200,354721,9.48,EDGX,12544
AMCR,20250717 09:30:27.597000,737114,6,354127,9.48,BATS,12659
AMCR,20250717 09:30:27.600000,737118,283,355004,9.48,NQNX,12544
AMCR,20250717 09:30:27.605000,737125,21,355025,9.48,NTRF,12659
AMCR,20250717 09:30:27.608000,737142,400,355425,9.48,NYSE,12544
AMCR,20250717 09:30:27.609000,737143,1000,356425,9.48,NYSE,12639
AMCR,20250717 09:30:27.610000,737154,45,357470,9.49,IEX,12659
AMCR,20250717 09:30:27.610000,737151,500,357125,9.49,IEX,12544
AMCR,20250717 09:30:27.610000,737153,100,357425,9.49,IEX,12544
AMCR,20250717 09:30:27.610000,737152,200,357325,9.49,IEX,12544
AMCR,20250717 09:30:27.610000,737150,100,356625,9.49,IEX,12544
AMCR,20250717 09:30:27.610000,737149,55,356525,9.49,IEX,12659
AMCR,20250717 09:30:27.610000,737147,45,356470,9.49,IEX,12659
AMCR,20250717 09:30:27.611000,737155,700,358170,9.49,IEX,12544
AMCR,20250717 09:30:27.616000,737158,300,358470,9.49,NYSE,12544
AMCR,20250717 09:30:27.618000,737159,5,358475,9.48,NQNX,12659
AMCR,20250717 09:30:27.627000,737166,100,358575,9.48,NYSE,12544
AMCR,20250717 09:30:29.683000,741357,514,359089,9.48,NQNX,12544
AMCR,20250717 09:30:29.689000,741373,200,359289,9.48,NYSE,12544
AMCR,20250717 09:30:29.742000,741464,100,359489,9.48,NYSE,12544
AMCR,20250717 09:30:29.742000,741463,100,359389,9.48,NYSE,12544
AMCR,20250717 09:30:29.743000,741467,100,359689,9.48,BATS,12544
AMCR,20250717 09:30:29.743000,741466,100,359589,9.48,BATS,12544
AMCR,20250717 09:30:29.915000,742025,4,359693,9.48,NTRF,12659
AMCR,20250717 09:30:30.692000,744196,200,359993,9.48,PACF,12639
AMCR,20250717 09:30:30.692000,744206,100,367576,9.48,PACF,12544
AMCR,20250717 09:30:30.692000,744204,83,367476,9.48,EDGX,12659
AMCR,20250717 09:30:30.692000,744203,200,367393,9.48,BATS,12639
AMCR,20250717 09:30:30.692000,744195,100,359793,9.48,PACF,12639
AMCR,20250717 09:30:30.692000,744201,300,366893,9.48,BATS,12639
AMCR,20250717 09:30:30.692000,744202,300,367193,9.48,MEMX,12639
AMCR,20250717 09:30:30.692000,744197,6600,366593,9.48,NYSE,12639
AMCR,20250717 09:30:30.693000,744208,148,368024,9.48,NQEX,12639
AMCR,20250717 09:30:30.693000,744207,300,367876,9.48,NQEX,12639
AMCR,20250717 09:30:30.698000,744219,500,368524,9.48,NYSE,12544
AMCR,20250717 09:30:30.700000,744222,100,368624,9.47,PACF,12544
AMCR,20250717 09:30:30.700000,744223,500,369124,9.47,PACF,12544
AMCR,20250717 09:30:30.701000,744225,100,369224,9.47,NQEX,12544
AMCR,20250717 09:30:30.712000,744285,100,369324,9.47,PACF,12544
AMCR,20250717 09:30:31.209000,746503,100,369424,9.47,BATY,12639
AMCR,20250717 09:30:31.209000,746510,500,371124,9.47,NYSE,12639
AMCR,20250717 09:30:31.209000,746511,100,371224,9.47,IEX,12544
AMCR,20250717 09:30:31.209000,746509,200,370624,9.47,EDGE,12544
AMCR,20250717 09:30:31.209000,746508,100,370424,9.47,NQEX,12639
AMCR,20250717 09:30:31.209000,746507,200,370324,9.47,NQEX,12639
AMCR,20250717 09:30:31.209000,746506,100,370124,9.47,NQEX,12639
AMCR,20250717 09:30:31.209000,746505,200,370024,9.47,NQEX,12639
AMCR,20250717 09:30:31.209000,746504,400,369824,9.47,NYSE,12639
AMCR,20250717 09:30:31.210000,746515,17,371541,9.47,EDGX,12659
AMCR,20250717 09:30:31.210000,746513,100,371324,9.47,PACF,12544
AMCR,20250717 09:30:31.210000,746514,200,371524,9.47,NQEX,12639
AMCR,20250717 09:30:31.211000,746516,100,371641,9.47,NQNX,12544
AMCR,20250717 09:30:31.214000,746519,300,372062,9.47,PACF,12639
AMCR,20250717 09:30:31.214000,746517,17,371658,9.47,PACF,12659
AMCR,20250717 09:30:31.214000,746527,26,373534,9.47,BATS,12659
AMCR,20250717 09:30:31.214000,746528,130,373664,9.47,NQEX,12639
AMCR,20250717 09:30:31.214000,746529,100,373764,9.47,NQEX,12639
AMCR,20250717 09:30:31.214000,746518,104,371762,9.47,PACF,12639
AMCR,20250717 09:30:31.214000,746520,400,372462,9.47,NYSE,12639
AMCR,20250717 09:30:31.214000,746521,100,372562,9.47,PACF,12639
AMCR,20250717 09:30:31.214000,746523,300,373364,9.47,BATS,12639
AMCR,20250717 09:30:31.214000,746524,40,373404,9.47,EDGX,12659
AMCR,20250717 09:30:31.214000,746522,502,373064,9.47,NYSE,12639
AMCR,20250717 09:30:31.214000,746526,70,373508,9.47,NQEX,12659
AMCR,20250717 09:30:31.214000,746525,34,373438,9.47,BATS,12659
AMCR,20250717 09:30:31.223000,746567,46,374925,9.47,NQEX,12659
AMCR,20250717 09:30:31.223000,746559,106,373870,9.47,PACF,12639
AMCR,20250717 09:30:31.223000,746560,52,373922,9.47,PACF,12659
AMCR,20250717 09:30:31.223000,746561,100,374022,9.47,MEMX,12639
AMCR,20250717 09:30:31.223000,746563,200,374422,9.47,BATS,12639
AMCR,20250717 09:30:31.223000,746568,117,375042,9.47,NQEX,12639
AMCR,20250717 09:30:31.223000,746569,83,375125,9.47,BATS,12659
AMCR,20250717 09:30:31.223000,746570,40,375165,9.47,NQEX,12659
AMCR,20250717 09:30:31.223000,746571,34,375199,9.47,NQEX,12659
AMCR,20250717 09:30:31.223000,746572,17,375216,9.47,NQEX,12659
AMCR,20250717 09:30:31.223000,746564,100,374522,9.47,EDGX,12639
AMCR,20250717 09:30:31.223000,746565,157,374679,9.47,BATS,12639
AMCR,20250717 09:30:31.223000,746566,200,374879,9.47,BATS,12639
AMCR,20250717 09:30:31.223000,746562,200,374222,9.47,EDGX,12639
AMCR,20250717 09:30:31.224000,746573,200,375416,9.47,EDGX,12544
AMCR,20250717 09:30:31.319000,746818,200,375616,9.47,NTRF,12544
AMCR,20250717 09:30:32.745000,751616,100,375716,9.47,NYSE,12544
AMCR,20250717 09:30:34.238000,755634,300,376017,9.47,PACF,12544
AMCR,20250717 09:30:34.238000,755633,1,375717,9.47,NQNX,12659
AMCR,20250717 09:30:34.244000,755638,100,376117,9.47,NYSE,12544
AMCR,20250717 09:30:34.326000,755825,14,376131,9.47,BATY,12659
AMCR,20250717 09:30:36.526000,763797,1,376132,9.47,NQNX,12659
AMCR,20250717 09:30:36.536000,763810,100,376232,9.48,NYSE,12544
AMCR,20250717 09:30:36.538000,763812,100,376332,9.47,NQNX,12544
AMCR,20250717 09:30:36.538000,763813,100,376432,9.47,BATY,12639
AMCR,20250717 09:30:38.742000,769883,100,376532,9.47,NYSE,12544
AMCR,20250717 09:30:41.748000,777532,100,376632,9.47,NYSE,12544
AMCR,20250717 09:30:41.870000,777794,100,376732,9.47,NTRF,12544
AMCR,20250717 09:30:44.696000,784228,100,376832,9.47,NTRF,12544
AMCR,20250717 09:30:47.837000,790548,100,376932,9.47,NTRF,12544
AMCR,20250717 09:30:49.142000,792976,300,377432,9.47,BATS,12544
AMCR,20250717 09:30:49.142000,792975,200,377132,9.47,BATS,12544
AMCR,20250717 09:30:49.144000,793034,100,385631,9.47,BATS,12639
AMCR,20250717 09:30:49.144000,793035,100,385731,9.47,BATS,12639
AMCR,20250717 09:30:49.144000,793014,29,377761,9.47,PACF,12659
AMCR,20250717 09:30:49.144000,793036,100,385831,9.47,BATS,12639
AMCR,20250717 09:30:49.144000,793039,100,385931,9.47,BATS,12639
AMCR,20250717 09:30:49.144000,793023,400,384379,9.47,MEMX,12639
AMCR,20250717 09:30:49.144000,793027,100,385179,9.47,BATS,12639
AMCR,20250717 09:30:49.144000,793026,100,385079,9.47,BATS,12639
AMCR,20250717 09:30:49.144000,793025,400,384979,9.47,BATS,12639
AMCR,20250717 09:30:49.144000,793028,200,385379,9.47,BATS,12639
AMCR,20250717 09:30:49.144000,793024,200,384579,9.47,BATS,12639
AMCR,20250717 09:30:49.144000,793022,400,383979,9.47,NQEX,12639
AMCR,20250717 09:30:49.144000,793021,200,383579,9.47,NQEX,12639
AMCR,20250717 09:30:49.144000,793019,100,383379,9.47,NQEX,12544
AMCR,20250717 09:30:49.144000,793010,100,377532,9.47,NYSE,12544
AMCR,20250717 09:30:49.144000,793029,52,385431,9.47,EDGX,12659
AMCR,20250717 09:30:49.144000,793018,5400,383279,9.47,NYSE,12639
AMCR,20250717 09:30:49.144000,793017,1,377879,9.47,PACF,12659
AMCR,20250717 09:30:49.144000,793016,100,377878,9.47,PACF,12639
AMCR,20250717 09:30:49.144000,793015,17,377778,9.47,PACF,12659
AMCR,20250717 09:30:49.144000,793011,200,377732,9.47,PACF,12544
AMCR,20250717 09:30:49.144000,793031,100,385531,9.47,EDGE,12544
AMCR,20250717 09:30:49.145000,793066,96,386131,9.47,NYSE,12659
AMCR,20250717 09:30:49.145000,793041,4,385935,9.47,BATS,12659
AMCR,20250717 09:30:49.145000,793043,100,386035,9.47,BATS,12639
AMCR,20250717 09:30:49.146000,793084,100,386231,9.46,NQEX,12544
AMCR,20250717 09:30:49.151000,793089,9,386240,9.47,NQNX,12659
AMCR,20250717 09:30:49.152000,793090,1000,387240,9.47,NQNX,12544
AMCR,20250717 09:30:49.159000,793116,100,387440,9.46,PACF,12544
AMCR,20250717 09:30:49.159000,793115,100,387340,9.47,NQNX,12544
AMCR,20250717 09:30:49.160000,793119,100,387540,9.46,NQNX,12544
AMCR,20250717 09:30:49.160000,793120,100,387640,9.46,NQNX,12544
AMCR,20250717 09:30:49.167000,793126,100,387740,9.46,NQNX,12544
AMCR,20250717 09:30:49.544000,794153,5,387745,9.46,NQNX,12659
AMCR,20250717 09:30:49.866000,794973,100,387845,9.46,CINC,12639
AMCR,20250717 09:30:49.866000,794974,100,387945,9.46,BATY,12639
AMCR,20250717 09:30:49.866000,794975,100,388045,9.46,BATY,12639
AMCR,20250717 09:30:52.362000,801202,2,388047,9.46,NQNX,12659
AMCR,20250717 09:30:53.745000,807345,100,388147,9.46,NYSE,12544
AMCR,20250717 09:30:53.761000,807378,100,388247,9.46,NYSE,12544
AMCR,20250717 09:30:54.738000,809666,1,388248,9.46,NQNX,12659
AMCR,20250717 09:30:59.741000,819640,100,388348,9.47,NYSE,12544
AMCR,20250717 09:30:59.742000,819642,100,388448,9.46,NQEX,12544
AMCR,20250717 09:31:00.854000,822373,100,388548,9.46,NTRF,12544
AMCR,20250717 09:31:00.945000,822783,100,388648,9.46,NTRF,12544
AMCR,20250717 09:31:02.623000,829960,300,389248,9.46,EDGX,12544
AMCR,20250717 09:31:02.623000,829962,200,389748,9.46,EDGX,12544
AMCR,20250717 09:31:02.623000,829959,300,388948,9.46,EDGX,12544
AMCR,20250717 09:31:02.623000,829961,300,389548,9.46,EDGX,12544
AMCR,20250717 09:31:03.809000,833817,81,389829,9.46,NQNX,12659
AMCR,20250717 09:31:04.112000,835090,30,389859,9.46,NQNX,12659
AMCR,20250717 09:31:04.960000,837613,100,390059,9.46,MIAX,12544
AMCR,20250717 09:31:04.960000,837612,100,389959,9.46,EDGE,12544
AMCR,20250717 09:31:04.964000,837630,200,390959,9.47,EDGX,12639
AMCR,20250717 09:31:04.964000,837629,156,390759,9.47,NYSE,12639
AMCR,20250717 09:31:04.964000,837628,444,390603,9.47,NYSE,12639
AMCR,20250717 09:31:04.964000,837627,100,390159,9.47,NYSE,12544
AMCR,20250717 09:31:04.965000,837631,122,391081,9.47,EDGX,12639
AMCR,20250717 09:31:04.965000,837633,304,393081,9.47,NQEX,12639
AMCR,20250717 09:31:04.965000,837632,1696,392777,9.47,NQEX,12639
AMCR,20250717 09:31:06.695000,844581,100,410116,9.47,NQNX,12544
AMCR,20250717 09:31:06.695000,844580,1400,410016,9.47,NQNX,12544
AMCR,20250717 09:31:06.695000,844579,100,408616,9.47,NQNX,12544
AMCR,20250717 09:31:06.695000,844564,800,394703,9.47,MEMX,12544
AMCR,20250717 09:31:06.695000,844568,1400,398103,9.47,BATS,12544
AMCR,20250717 09:31:06.695000,844566,200,396303,9.47,PACF,12544
AMCR,20250717 09:31:06.695000,844565,1400,396103,9.47,PACF,12544
AMCR,20250717 09:31:06.695000,844562,100,393895,9.47,NQEX,12544
AMCR,20250717 09:31:06.695000,844561,514,393795,9.47,NQEX,12544
AMCR,20250717 09:31:06.695000,844560,200,393281,9.47,NQEX,12544
AMCR,20250717 09:31:06.695000,844563,8,393903,9.47,CINC,12659
AMCR,20250717 09:31:06.695000,844578,100,408516,9.47,NQNX,12544
AMCR,20250717 09:31:06.695000,844569,200,398303,9.47,BATS,12544
AMCR,20250717 09:31:06.695000,844577,168,408416,9.47,MIAX,12544
AMCR,20250717 09:31:06.695000,844575,100,408248,9.47,BATS,12544
AMCR,20250717 09:31:06.695000,844574,200,408148,9.47,BATS,12544
AMCR,20250717 09:31:06.695000,844573,1100,407948,9.47,BATS,12544
AMCR,20250717 09:31:06.695000,844567,400,396703,9.47,EDGX,12544
AMCR,20250717 09:31:06.695000,844571,1600,399948,9.47,NYSE,12544
AMCR,20250717 09:31:06.695000,844570,45,398348,9.47,BATS,12659
AMCR,20250717 09:31:06.695000,844572,6900,406848,9.47,NYSE,12544
AMCR,20250717 09:31:06.696000,844582,200,410316,9.47,NQNX,12544
AMCR,20250717 09:31:06.696000,844583,400,410716,9.47,NQNX,12544
AMCR,20250717 09:31:06.705000,844596,100,410816,9.48,NQNX,12544
AMCR,20250717 09:31:06.710000,844601,800,411716,9.47,NYSE,12639
AMCR,20250717 09:31:06.710000,844600,100,410916,9.47,NYSE,12544
AMCR,20250717 09:31:07.072000,845627,233,411949,9.47,NQNX,12544
AMCR,20250717 09:31:07.729000,847183,196,412145,9.47,NQNX,12544
AMCR,20250717 09:31:08.952000,850592,100,412245,9.48,NQNX,12544
AMCR,20250717 09:31:11.754000,860489,200,412445,9.48,NYSE,12544
AMCR,20250717 09:31:14.747000,869803,100,412545,9.48,NYSE,12544
AMCR,20250717 09:31:17.751000,878353,100,412645,9.48,NYSE,12544
AMCR,20250717 09:31:20.226000,885807,100,412745,9.47,EDGE,12544
AMCR,20250717 09:31:20.780000,886943,1,412746,9.47,NQNX,12659
AMCR,20250717 09:31:24.710000,897819,300,415803,9.48,MEMX,12639
AMCR,20250717 09:31:24.710000,897818,157,415503,9.48,BATS,12639
AMCR,20250717 09:31:24.710000,897815,100,415346,9.48,NYSE,12639
AMCR,20250717 09:31:24.710000,897813,107,415246,9.48,PACF,12639
AMCR,20250717 09:31:24.710000,897806,2300,415139,9.48,NYSE,12639
AMCR,20250717 09:31:24.710000,897805,93,412839,9.48,PACF,12659
AMCR,20250717 09:31:24.710000,897820,200,416003,9.48,EDGX,12639
AMCR,20250717 09:31:24.717000,897967,100,416103,9.48,NYSE,12544
AMCR,20250717 09:31:24.720000,897998,100,416203,9.49,NQNX,12544
AMCR,20250717 09:31:25.701000,900635,100,416303,9.48,NQNX,12544
AMCR,20250717 09:31:27.901000,907646,500,416803,9.48,NQNX,12544
AMCR,20250717 09:31:27.902000,907650,100,416903,9.48,NQNX,12544
AMCR,20250717 09:31:27.955000,907773,3300,420203,9.48,NQNX,12544
AMCR,20250717 09:31:29.493000,911037,1,420204,9.48,NQNX,12659
AMCR,20250717 09:31:32.749000,920416,100,420304,9.48,NYSE,12544
AMCR,20250717 09:31:33.397000,922867,1428,426904,9.48,BATS,12639
AMCR,20250717 09:31:33.397000,922858,300,420604,9.48,MEMX,12639
AMCR,20250717 09:31:33.397000,922859,3772,424376,9.48,MEMX,12639
AMCR,20250717 09:31:33.397000,922860,100,424476,9.48,EDGX,12639
AMCR,20250717 09:31:33.397000,922861,100,424576,9.48,EDGX,12639
AMCR,20250717 09:31:33.397000,922862,100,424676,9.48,BATS,12639
AMCR,20250717 09:31:33.397000,922863,200,424876,9.48,BATS,12639
AMCR,20250717 09:31:33.397000,922864,100,424976,9.48,BATS,12639
AMCR,20250717 09:31:33.397000,922865,200,425176,9.48,BATS,12639
AMCR,20250717 09:31:33.397000,922866,300,425476,9.48,BATS,12639
AMCR,20250717 09:31:33.398000,922870,7,427011,9.48,CINC,12659
AMCR,20250717 09:31:33.398000,922869,100,427004,9.48,NQEX,12544
AMCR,20250717 09:31:33.400000,922891,100,427111,9.48,NQNX,12544
AMCR,20250717 09:31:33.401000,922893,200,427411,9.48,NYSE,12544
AMCR,20250717 09:31:33.401000,922894,300,427711,9.48,NYSE,12544
AMCR,20250717 09:31:33.401000,922895,1200,428911,9.48,MEMX,12544
AMCR,20250717 09:31:33.401000,922896,100,429011,9.48,NQEX,12544
AMCR,20250717 09:31:33.401000,922892,100,427211,9.48,NYSE,12544
AMCR,20250717 09:31:33.401000,922897,400,429411,9.48,NQEX,12544
AMCR,20250717 09:31:33.402000,922902,100,431240,9.48,IEX,12544
AMCR,20250717 09:31:33.402000,922898,27,429438,9.48,BATS,12659
AMCR,20250717 09:31:33.402000,922899,200,429638,9.48,BATS,12544
AMCR,20250717 09:31:33.402000,922900,2,429640,9.48,BATS,12659
AMCR,20250717 09:31:33.402000,922903,200,431440,9.48,IEX,12544
AMCR,20250717 09:31:33.402000,922904,100,431540,9.48,EDGE,12544
AMCR,20250717 09:31:33.402000,922901,1500,431140,9.48,IEX,12544
AMCR,20250717 09:31:33.405000,922909,100,431640,9.48,NQNX,12544
AMCR,20250717 09:31:33.506000,923186,200,431840,9.48,NTRF,12544
AMCR,20250717 09:31:35.464000,929482,100,431940,9.48,PACF,12544
AMCR,20250717 09:31:35.468000,929491,100,432040,9.48,NYSE,12544
AMCR,20250717 09:31:35.561000,929616,200,432240,9.48,NTRF,12544
AMCR,20250717 09:31:35.594000,929652,48,432288,9.48,NQNX,12659
AMCR,20250717 09:31:35.760000,930440,700,433288,9.48,NYSE,12639
AMCR,20250717 09:31:35.760000,930439,300,432588,9.48,NYSE,12639
AMCR,20250717 09:31:35.761000,930456,100,434888,9.48,BATS,12639
AMCR,20250717 09:31:35.761000,930457,71,434959,9.48,BATS,12659
AMCR,20250717 09:31:35.761000,930458,100,435059,9.48,EDGE,12544
AMCR,20250717 09:31:35.761000,930460,24,435083,9.48,BATS,12659
AMCR,20250717 09:31:35.761000,930462,800,435888,9.48,NQEX,12544
AMCR,20250717 09:31:35.761000,930463,626,436514,9.48,NQEX,12639
AMCR,20250717 09:31:35.761000,930461,5,435088,9.48,BATS,12659
AMCR,20250717 09:31:35.761000,930455,50,434788,9.48,MEMX,12659
AMCR,20250717 09:31:35.761000,930454,150,434738,9.48,MEMX,12639
AMCR,20250717 09:31:35.761000,930441,1,433289,9.48,PACF,12659
AMCR,20250717 09:31:35.761000,930443,150,433439,9.48,PACF,12639
AMCR,20250717 09:31:35.761000,930444,600,434039,9.48,PACF,12639
AMCR,20250717 09:31:35.761000,930445,50,434089,9.48,PACF,12659
AMCR,20250717 09:31:35.761000,930447,300,434389,9.48,NYSE,12639
AMCR,20250717 09:31:35.761000,930451,100,434489,9.48,BATS,12639
AMCR,20250717 09:31:35.761000,930452,71,434560,9.48,BATS,12659
AMCR,20250717 09:31:35.761000,930453,28,434588,9.48,MEMX,12659
AMCR,20250717 09:31:35.762000,930471,100,436914,9.47,MIAX,12544
AMCR,20250717 09:31:35.762000,930467,100,436814,9.48,MEMX,12544
AMCR,20250717 09:31:35.762000,930474,100,437014,9.47,NQEX,12544
AMCR,20250717 09:31:35.762000,930464,100,436614,9.47,PACF,12544
AMCR,20250717 09:31:35.762000,930465,100,436714,9.47,NYSE,12544
AMCR,20250717 09:31:35.775000,930539,100,437214,9.47,BATS,12544
AMCR,20250717 09:31:35.775000,930540,100,437314,9.48,EDGX,12544
AMCR,20250717 09:31:35.775000,930538,100,437114,9.47,PACF,12544
AMCR,20250717 09:31:35.776000,930542,100,437414,9.47,NYSE,12544
AMCR,20250717 09:31:36.013000,931368,100,437514,9.47,IEX,12544
AMCR,20250717 09:31:36.430000,933206,100,437614,9.47,NQEX,12544
AMCR,20250717 09:31:36.551000,933448,5000,442614,9.48,NQNX,12544
AMCR,20250717 09:31:36.551000,933449,100,442714,9.47,NQNX,12544
AMCR,20250717 09:31:36.568000,933838,33,442747,9.48,NQNX,12659
AMCR,20250717 09:31:41.747000,946771,100,442847,9.47,NYSE,12544
AMCR,20250717 09:31:42.062000,947623,100,442947,9.47,NYSE,12544
AMCR,20250717 09:31:42.109000,947767,100,443047,9.47,NYSE,12544
AMCR,20250717 09:31:43.438000,951717,5,443052,9.47,NQNX,12659
AMCR,20250717 09:31:44.749000,955623,100,443152,9.47,NYSE,12544
AMCR,20250717 09:31:46.507000,961521,100,443252,9.47,NYSE,12544
AMCR,20250717 09:31:47.344000,963628,700,447352,9.49,PACF,12544
AMCR,20250717 09:31:47.344000,963626,2130,446452,9.48,NYSE,12544
AMCR,20250717 09:31:47.344000,963627,200,446652,9.49,PACF,12544
AMCR,20250717 09:31:47.344000,963625,1070,444322,9.48,NYSE,12639
AMCR,20250717 09:31:47.344000,963629,98,447450,9.49,PACF,12659
AMCR,20250717 09:31:47.345000,963649,300,457450,9.49,NQEX,12639
AMCR,20250717 09:31:47.345000,963648,200,457150,9.49,NQEX,12639
AMCR,20250717 09:31:47.345000,963647,200,456950,9.49,BATS,12544
AMCR,20250717 09:31:47.345000,963646,400,456750,9.49,BATS,12544
AMCR,20250717 09:31:47.345000,963645,1500,456350,9.49,BATS,12544
AMCR,20250717 09:31:47.345000,963644,300,454850,9.48,NQEX,12544
AMCR,20250717 09:31:47.345000,963665,100,461750,9.49,IEX,12544
AMCR,20250717 09:31:47.345000,963655,200,459150,9.49,MIAX,12544
AMCR,20250717 09:31:47.345000,963656,100,459250,9.49,MEMX,12544
AMCR,20250717 09:31:47.345000,963660,400,459650,9.49,IEX,12544
AMCR,20250717 09:31:47.345000,963661,1000,460650,9.49,IEX,12544
AMCR,20250717 09:31:47.345000,963662,200,460850,9.49,IEX,12544
AMCR,20250717 09:31:47.345000,963663,200,461050,9.49,IEX,12544
AMCR,20250717 09:31:47.345000,963664,600,461650,9.49,IEX,12544
AMCR,20250717 09:31:47.345000,963666,100,461850,9.49,IEX,12544
AMCR,20250717 09:31:47.345000,963643,300,454550,9.48,NQEX,12544
AMCR,20250717 09:31:47.345000,963654,100,458950,9.47,NQNX,12544
AMCR,20250717 09:31:47.345000,963653,200,458850,9.49,NQEX,12544
AMCR,20250717 09:31:47.345000,963652,100,458650,9.49,NQEX,12544
AMCR,20250717 09:31:47.345000,963651,500,458550,9.49,BATS,12544
AMCR,20250717 09:31:47.345000,963650,600,458050,9.49,NQEX,12544
AMCR,20250717 09:31:47.345000,963632,100,451950,9.49,AMEX,12544
AMCR,20250717 09:31:47.345000,963633,500,452450,9.49,NYSE,12544
AMCR,20250717 09:31:47.345000,963634,300,452750,9.49,MEMX,12544
AMCR,20250717 09:31:47.345000,963631,3800,451850,9.49,NYSE,12544
AMCR,20250717 09:31:47.345000,963642,100,454250,9.49,MIAX,12544
AMCR,20250717 09:31:47.345000,963630,600,448050,9.48,NYSE,12544
AMCR,20250717 09:31:47.345000,963637,200,453050,9.49,EDGX,12544
AMCR,20250717 09:31:47.345000,963638,100,453150,9.49,MIAX,12639
AMCR,20250717 09:31:47.345000,963639,200,453350,9.49,EDGX,12544
AMCR,20250717 09:31:47.345000,963640,400,453750,9.49,EDGX,12544
AMCR,20250717 09:31:47.345000,963641,400,454150,9.49,MIAX,12639
AMCR,20250717 09:31:47.345000,963635,100,452850,9.49,MEMX,12544
AMCR,20250717 09:31:47.346000,963670,8,461960,9.49,NQNX,12659
AMCR,20250717 09:31:47.346000,963668,2,461952,9.49,NQNX,12659
AMCR,20250717 09:31:47.346000,963667,100,461950,9.47,NQNX,12544
AMCR,20250717 09:31:47.400000,963939,100,462060,9.49,NQNX,12544
AMCR,20250717 09:31:50.741000,972065,200,462260,9.49,NYSE,12544
AMCR,20250717 09:31:51.691000,974993,2700,464960,9.49,NQNX,12544
AMCR,20250717 09:31:51.693000,974996,1625,466585,9.49,NQNX,12544
AMCR,20250717 09:31:51.698000,975024,100,466685,9.49,IEX,12544
AMCR,20250717 09:31:51.698000,975025,296,466981,9.49,IEX,12544
AMCR,20250717 09:31:51.699000,975027,200,469685,9.49,NQNX,12544
AMCR,20250717 09:31:51.699000,975026,2504,469485,9.49,IEX,12544
AMCR,20250717 09:31:51.703000,975040,100,469785,9.49,NQNX,12544
AMCR,20250717 09:31:51.706000,975041,100,469885,9.49,NQNX,12544
AMCR,20250717 09:31:53.742000,980541,100,469985,9.49,NYSE,12544
AMCR,20250717 09:31:53.873000,980667,200,470185,9.49,NTRF,12544
AMCR,20250717 09:31:53.877000,980672,100,470285,9.49,NYSE,12544
AMCR,20250717 09:31:54.265000,981278,500,478573,9.49,NQEX,12544
AMCR,20250717 09:31:54.265000,981277,200,478073,9.49,BATS,12639
AMCR,20250717 09:31:54.265000,981269,312,475060,9.49,EDGX,12639
AMCR,20250717 09:31:54.265000,981270,100,475160,9.49,BATS,12639
AMCR,20250717 09:31:54.265000,981276,100,477873,9.49,PACF,12639
AMCR,20250717 09:31:54.265000,981271,86,475246,9.49,PACF,12659
AMCR,20250717 09:31:54.265000,981272,1500,476746,9.49,BATS,12639
AMCR,20250717 09:31:54.265000,981273,1000,477746,9.49,NYSE,12639
AMCR,20250717 09:31:54.265000,981274,13,477759,9.49,MEMX,12659
AMCR,20250717 09:31:54.265000,981275,14,477773,9.49,PACF,12659
AMCR,20250717 09:31:54.265000,981268,100,474748,9.49,BATS,12639
AMCR,20250717 09:31:54.265000,981264,300,470585,9.49,PACF,12639
AMCR,20250717 09:31:54.265000,981265,1000,471585,9.49,NYSE,12639
AMCR,20250717 09:31:54.265000,981266,2963,474548,9.49,NYSE,12639
AMCR,20250717 09:31:54.265000,981267,100,474648,9.49,PACF,12639
AMCR,20250717 09:31:54.269000,981283,200,478773,9.48,NYSE,12544
AMCR,20250717 09:31:54.278000,981291,100,478873,9.48,PACF,12544
AMCR,20250717 09:31:54.279000,981294,100,479073,9.48,NQEX,12544
AMCR,20250717 09:31:54.279000,981292,100,478973,9.48,NYSE,12544
AMCR,20250717 09:31:54.618000,981806,100,479173,9.48,NQNX,12544
AMCR,20250717 09:31:55.308000,983053,100,479273,9.48,NYSE,12544
AMCR,20250717 09:31:55.403000,983118,200,479473,9.48,NTRF,12544
AMCR,20250717 09:31:56.776000,986333,200,479673,9.48,NTRF,12544
AMCR,20250717 09:31:58.724000,992473,100,479773,9.48,NQNX,12544
AMCR,20250717 09:31:59.709000,994296,100,479873,9.48,NYSE,12544
AMCR,20250717 09:32:00.195000,995775,7,479880,9.48,CINC,12659
AMCR,20250717 09:32:00.409000,996338,1,479881,9.48,NQNX,12659
AMCR,20250717 09:32:01.306000,999871,741,480622,9.47,NQNX,12548
AMCR,20250717 09:32:01.388000,1000504,100,480722,9.48,NTRF,12544
AMCR,20250717 09:32:01.531000,1000955,837,481559,9.47,NQNX,12548
AMCR,20250717 09:32:03.051000,1005844,100,485959,9.48,BATS,12544
AMCR,20250717 09:32:03.051000,1005843,100,485859,9.48,PACF,12544
AMCR,20250717 09:32:03.051000,1005842,2000,485759,9.48,NYSE,12639
AMCR,20250717 09:32:03.051000,1005841,200,483759,9.48,NYSE,12639
AMCR,20250717 09:32:03.051000,1005840,1600,483559,9.48,EDGX,12544
AMCR,20250717 09:32:03.051000,1005839,100,481959,9.48,PACF,12639
AMCR,20250717 09:32:03.051000,1005838,100,481859,9.48,PACF,12639
AMCR,20250717 09:32:03.051000,1005836,200,481759,9.48,NQEX,12544
AMCR,20250717 09:32:03.051000,1005845,100,486059,9.48,BATS,12544
AMCR,20250717 09:32:03.051000,1005846,200,486259,9.48,BATS,12544
AMCR,20250717 09:32:03.051000,1005853,100,488059,9.48,NQEX,12639
AMCR,20250717 09:32:03.051000,1005851,900,487959,9.48,NQEX,12544
AMCR,20250717 09:32:03.051000,1005850,100,487059,9.48,NQEX,12639
AMCR,20250717 09:32:03.051000,1005848,400,486859,9.48,BATS,12544
AMCR,20250717 09:32:03.051000,1005847,200,486459,9.48,BATS,12544
AMCR,20250717 09:32:03.051000,1005849,100,486959,9.48,EDGE,12544
AMCR,20250717 09:32:03.053000,1005871,1100,489159,9.47,EDGX,12544
AMCR,20250717 09:32:03.053000,1005872,300,489459,9.47,EDGX,12544
AMCR,20250717 09:32:03.054000,1005877,2250,491709,9.47,NQEX,12544
AMCR,20250717 09:32:03.057000,1005886,1,491710,9.47,IEX,12659
AMCR,20250717 09:32:03.075000,1006043,300,492010,9.47,PACF,12544
AMCR,20250717 09:32:03.075000,1006044,100,492110,9.47,BATS,12544
AMCR,20250717 09:32:03.075000,1006045,100,492210,9.47,EDGX,12544
AMCR,20250717 09:32:03.076000,1006046,200,492410,9.47,NYSE,12544
AMCR,20250717 09:32:03.076000,1006048,100,492510,9.47,NQEX,12544
AMCR,20250717 09:32:03.077000,1006050,200,492710,9.47,IEX,12544
AMCR,20250717 09:32:03.792000,1008752,1250,493960,9.47,NQEX,12544
AMCR,20250717 09:32:04.053000,1010029,100,494060,9.47,NQNX,12544
AMCR,20250717 09:32:04.054000,1010035,100,494160,9.47,NQNX,12544
AMCR,20250717 09:32:04.056000,1010037,100,494260,9.47,NQNX,12544
AMCR,20250717 09:32:04.108000,1010297,100,494360,9.47,NYSE,12544
AMCR,20250717 09:32:08.154000,1023044,25,494385,9.47,NQNX,12659
AMCR,20250717 09:32:08.874000,1024427,1,494386,9.47,NQNX,12659
AMCR,20250717 09:32:10.709000,1028558,300,494686,9.47,NYSE,12544
AMCR,20250717 09:32:13.837000,1037232,1625,496311,9.48,NTRF,12544
AMCR,20250717 09:32:15.109000,1039801,100,496411,9.47,NQNX,12544
AMCR,20250717 09:32:15.835000,1041553,500,504180,9.48,BATS,12544
AMCR,20250717 09:32:15.835000,1041554,900,505080,9.48,NQEX,12544
AMCR,20250717 09:32:15.835000,1041555,312,505392,9.48,BATS,12544
AMCR,20250717 09:32:15.835000,1041549,2669,499080,9.48,NYSE,12639
AMCR,20250717 09:32:15.835000,1041550,2250,501330,9.48,NQEX,12639
AMCR,20250717 09:32:15.835000,1041552,100,503680,9.48,EDGX,12639
AMCR,20250717 09:32:15.835000,1041551,2250,503580,9.48,NQEX,12639
AMCR,20250717 09:32:15.835000,1041556,200,505592,9.48,BATS,12544
AMCR,20250717 09:32:15.874000,1041602,84,505676,9.48,NQNX,12659
AMCR,20250717 09:32:15.914000,1041708,1,505677,9.48,IEX,12659
AMCR,20250717 09:32:17.822000,1046354,2700,508377,9.49,NYSE,12639
AMCR,20250717 09:32:17.822000,1046356,200,509577,9.49,BATS,12639
AMCR,20250717 09:32:17.822000,1046355,1000,509377,9.49,BATS,12639
AMCR,20250717 09:32:20.754000,1053120,100,509677,9.5,NYSE,12544
AMCR,20250717 09:32:23.823000,1062830,100,509777,9.5,NYSE,12544
AMCR,20250717 09:32:26.818000,1072207,100,509877,9.5,NYSE,12544
AMCR,20250717 09:32:26.819000,1072214,100,509977,9.5,IEX,12544
AMCR,20250717 09:32:26.819000,1072218,400,510677,9.5,IEX,12544
AMCR,20250717 09:32:26.819000,1072216,100,510177,9.5,IEX,12544
AMCR,20250717 09:32:26.819000,1072217,100,510277,9.5,IEX,12544
AMCR,20250717 09:32:26.819000,1072215,100,510077,9.5,IEX,12544
AMCR,20250717 09:32:29.741000,1080242,5882,516559,9.5,NYSE,12639
AMCR,20250717 09:32:29.742000,1080244,200,516759,9.5,NQEX,12544
AMCR,20250717 09:32:29.742000,1080245,2400,519159,9.5,NYSE,12544
AMCR,20250717 09:32:29.746000,1080255,100,519259,9.5,NYSE,12544
AMCR,20250717 09:32:30.528000,1082150,8,521487,9.5,NQNX,12659
AMCR,20250717 09:32:30.528000,1082148,8,521479,9.5,NQNX,12659
AMCR,20250717 09:32:30.528000,1082144,100,520860,9.5,EDGX,12544
AMCR,20250717 09:32:30.528000,1082142,200,520660,9.5,PACF,12544
AMCR,20250717 09:32:30.528000,1082146,200,521460,9.5,EDGX,12544
AMCR,20250717 09:32:30.528000,1082145,400,521260,9.5,PACF,12544
AMCR,20250717 09:32:30.528000,1082147,11,521471,9.5,NQNX,12659
AMCR,20250717 09:32:30.528000,1082141,200,520460,9.5,EDGX,12544
AMCR,20250717 09:32:30.528000,1082143,100,520760,9.5,PACF,12544
AMCR,20250717 09:32:30.528000,1082137,500,519759,9.5,NYSE,12639
AMCR,20250717 09:32:30.528000,1082138,1,519760,9.5,PACF,12659
AMCR,20250717 09:32:30.528000,1082139,400,520160,9.5,BATS,12544
AMCR,20250717 09:32:30.528000,1082140,100,520260,9.5,BATS,12544
AMCR,20250717 09:32:30.531000,1082152,100,521587,9.51,NYSE,12544
AMCR,20250717 09:32:32.826000,1088013,100,521687,9.51,NYSE,12544
AMCR,20250717 09:32:35.818000,1102060,200,521887,9.51,NYSE,12544
AMCR,20250717 09:32:36.508000,1104184,300,522187,9.51,CINC,12639
AMCR,20250717 09:32:37.907000,1111180,100,522287,9.5,EDGX,12544
AMCR,20250717 09:32:37.917000,1111329,100,522387,9.51,NYSE,12544
AMCR,20250717 09:32:38.373000,1113351,100,522487,9.51,NQNX,12544
AMCR,20250717 09:32:38.815000,1115764,100,522587,9.51,NYSE,12544
AMCR,20250717 09:32:38.816000,1115769,71,534687,9.51,PACF,12659
AMCR,20250717 09:32:38.816000,1115775,193,534890,9.51,MEMX,12544
AMCR,20250717 09:32:38.816000,1115776,400,535290,9.51,BATS,12544
AMCR,20250717 09:32:38.816000,1115774,10,534697,9.51,MEMX,12659
AMCR,20250717 09:32:38.816000,1115768,8471,534616,9.51,NYSE,12544
AMCR,20250717 09:32:38.816000,1115783,98,535895,9.51,NQEX,12659
AMCR,20250717 09:32:38.816000,1115767,129,526145,9.51,PACF,12544
AMCR,20250717 09:32:38.816000,1115777,200,535490,9.51,EDGX,12544
AMCR,20250717 09:32:38.816000,1115782,5,535797,9.51,NQEX,12659
AMCR,20250717 09:32:38.816000,1115781,195,535792,9.51,NQEX,12544
AMCR,20250717 09:32:38.816000,1115778,107,535597,9.51,MEMX,12639
AMCR,20250717 09:32:38.816000,1115766,3429,526016,9.51,NYSE,12544
AMCR,20250717 09:32:38.954000,1116274,100,535995,9.51,CINC,12544
AMCR,20250717 09:32:40.412000,1120291,3655,540201,9.51,NYSE,12639
AMCR,20250717 09:32:40.412000,1120290,150,536546,9.51,PACF,12639
AMCR,20250717 09:32:40.412000,1120289,400,536396,9.51,PACF,12639
AMCR,20250717 09:32:40.412000,1120288,1,535996,9.51,BATY,12659
AMCR,20250717 09:32:40.413000,1120296,200,543556,9.51,IEX,12544
AMCR,20250717 09:32:40.413000,1120297,200,543756,9.51,IEX,12544
AMCR,20250717 09:32:40.413000,1120300,150,543906,9.51,MEMX,12639
AMCR,20250717 09:32:40.413000,1120304,200,545906,9.51,BATS,12639
AMCR,20250717 09:32:40.413000,1120301,200,544106,9.51,BATS,12639
AMCR,20250717 09:32:40.413000,1120302,1500,545606,9.51,BATS,12639
AMCR,20250717 09:32:40.413000,1120295,1600,543356,9.51,IEX,12544
AMCR,20250717 09:32:40.413000,1120303,100,545706,9.51,BATS,12639
AMCR,20250717 09:32:40.413000,1120294,100,541756,9.51,PACF,12639
AMCR,20250717 09:32:40.413000,1120293,1255,541656,9.51,NYSE,12639
AMCR,20250717 09:32:40.413000,1120292,200,540401,9.51,NYSE,12639
AMCR,20250717 09:32:40.414000,1120311,301,546207,9.5,IEX,12544
AMCR,20250717 09:32:40.416000,1120313,100,546407,9.51,EDGX,12544
AMCR,20250717 09:32:40.416000,1120312,100,546307,9.51,EDGX,12544
AMCR,20250717 09:32:40.416000,1120315,100,546707,9.51,NQEX,12544
AMCR,20250717 09:32:40.416000,1120316,94,546801,9.51,NQEX,12659
AMCR,20250717 09:32:40.416000,1120314,200,546607,9.51,EDGX,12544
AMCR,20250717 09:32:41.336000,1124380,600,547401,9.51,EDGX,12639
AMCR,20250717 09:32:41.336000,1124381,400,547801,9.51,EDGX,12639
AMCR,20250717 09:32:49.178000,1145771,100,547901,9.51,BATS,12639
AMCR,20250717 09:32:58.719000,1169643,1000,552701,9.51,BATS,12639
AMCR,20250717 09:32:58.719000,1169642,3800,551701,9.5,NQNX,12544
AMCR,20250717 09:32:58.750000,1169673,100,552801,9.5,NYSE,12544
AMCR,20250717 09:33:11.538000,1209272,5,552806,9.5,NQNX,12659
AMCR,20250717 09:33:12.208000,1211553,6000,558806,9.5,NQNX,12544
AMCR,20250717 09:33:12.691000,1212405,3,558809,9.5,NTRF,12659
AMCR,20250717 09:33:12.703000,1212413,100,558909,9.51,NQNX,12544
AMCR,20250717 09:33:14.767000,1217923,515,559424,9.49,NQNX,12548
AMCR,20250717 09:33:14.828000,1218011,19,559443,9.5,NQNX,12659
AMCR,20250717 09:33:14.831000,1218020,100,559943,9.51,NYSE,12639
AMCR,20250717 09:33:14.831000,1218019,400,559843,9.51,NYSE,12544
AMCR,20250717 09:33:14.831000,1218021,300,560243,9.51,NYSE,12544
AMCR,20250717 09:33:14.831000,1218022,400,560643,9.51,NYSE,12639
AMCR,20250717 09:33:14.832000,1218023,8,560651,9.51,NQNX,12659
AMCR,20250717 09:33:14.845000,1218131,1400,562051,9.51,NYSE,12544
AMCR,20250717 09:33:14.845000,1218134,200,564251,9.51,PACF,12544
AMCR,20250717 09:33:14.845000,1218132,2000,564051,9.51,NYSE,12544
AMCR,20250717 09:33:14.845000,1218135,300,564551,9.51,PACF,12544
AMCR,20250717 09:33:14.845000,1218136,600,565151,9.51,PACF,12544
AMCR,20250717 09:33:15.364000,1219371,3,565154,9.51,NQNX,12659
AMCR,20250717 09:33:15.918000,1220647,10,565164,9.51,BATY,12659
AMCR,20250717 09:33:15.919000,1220652,88,565364,9.51,IEX,12659
AMCR,20250717 09:33:15.919000,1220650,12,565276,9.51,IEX,12659
AMCR,20250717 09:33:15.919000,1220649,100,565264,9.51,IEX,12544
AMCR,20250717 09:33:21.363000,1234449,200,565564,9.51,BATS,12544
AMCR,20250717 09:33:21.363000,1234451,600,566264,9.51,NYSE,12544
AMCR,20250717 09:33:21.363000,1234450,100,565664,9.51,BATS,12544
AMCR,20250717 09:33:21.363000,1234452,100,566364,9.51,PACF,12544
AMCR,20250717 09:33:21.365000,1234460,900,567264,9.51,NQEX,12544
AMCR,20250717 09:33:21.419000,1234749,200,567464,9.51,NTRF,12544
AMCR,20250717 09:33:23.359000,1239803,400,567864,9.51,NQEX,12544
AMCR,20250717 09:33:23.453000,1239955,200,568064,9.51,NTRF,12544
AMCR,20250717 09:33:25.625000,1246176,85,568149,9.51,NQNX,12659
AMCR,20250717 09:33:26.940000,1248973,800,568949,9.51,NYSE,12639
AMCR,20250717 09:33:26.940000,1248974,100,569049,9.51,NYSE,12639
AMCR,20250717 09:33:27.057000,1249169,600,569649,9.51,NTRF,12544
AMCR,20250717 09:33:27.075000,1249188,200,570049,9.51,BATS,12544
AMCR,20250717 09:33:27.075000,1249187,100,569849,9.51,BATS,12544
AMCR,20250717 09:33:27.075000,1249186,100,569749,9.51,PACF,12544
AMCR,20250717 09:33:27.076000,1249189,100,570149,9.51,NQEX,12544
AMCR,20250717 09:33:27.480000,1249983,3700,573849,9.51,NQNX,12544
AMCR,20250717 09:33:27.482000,1249989,100,573949,9.51,NQNX,12544
AMCR,20250717 09:33:27.501000,1250041,100,574049,9.51,NQNX,12544
AMCR,20250717 09:33:29.510000,1254833,1,574050,9.51,BATY,12659
AMCR,20250717 09:33:29.636000,1255528,200,574250,9.51,NTRF,12544
AMCR,20250717 09:33:31.136000,1260659,1,574251,9.51,NQNX,12659
AMCR,20250717 09:33:31.194000,1260751,100,574351,9.51,NTRF,12544
AMCR,20250717 09:33:34.790000,1270491,1,574352,9.51,NQNX,12659
AMCR,20250717 09:33:38.554000,1279177,604,574956,9.49,NQNX,12548
AMCR,20250717 09:33:38.786000,1280247,2,574958,9.51,BATY,12659
AMCR,20250717 09:33:44.197000,1293458,100,575158,9.51,PACF,12544
AMCR,20250717 09:33:44.197000,1293457,100,575058,9.51,NYSE,12544
AMCR,20250717 09:33:44.198000,1293461,100,575258,9.51,BATS,12544
AMCR,20250717 09:33:44.198000,1293462,200,575458,9.51,BATS,12544
AMCR,20250717 09:33:44.198000,1293464,100,575558,9.51,NQEX,12544
AMCR,20250717 09:33:49.787000,1311224,1,575559,9.51,BATY,12659
AMCR,20250717 09:33:54.254000,1321616,5,575564,9.51,NQNX,12659
AMCR,20250717 09:33:55.537000,1324195,5,575569,9.51,NQNX,12659
AMCR,20250717 09:34:02.078000,1340145,100,575669,9.51,NYSE,12544
AMCR,20250717 09:34:04.429000,1347096,1,575670,9.51,BATY,12659
AMCR,20250717 09:34:18.885000,1382894,2,575672,9.51,NQNX,12659
AMCR,20250717 09:34:19.497000,1384293,4,575676,9.51,NQNX,12659
AMCR,20250717 09:34:19.504000,1384305,100,575776,9.51,NQNX,12544
AMCR,20250717 09:34:21.642000,1389476,1,575777,9.51,NQNX,12659
AMCR,20250717 09:34:21.643000,1389479,100,575879,9.51,EDGE,12544
AMCR,20250717 09:34:21.643000,1389477,2,575779,9.51,CINC,12659
AMCR,20250717 09:34:21.701000,1389630,100,575979,9.51,NQNX,12544
AMCR,20250717 09:34:22.064000,1390425,100,576079,9.51,BATY,12639
AMCR,20250717 09:34:25.739000,1400296,200,576279,9.51,NQNX,12544
AMCR,20250717 09:34:25.741000,1400297,1,576280,9.51,BATY,12659
AMCR,20250717 09:34:25.808000,1400355,100,576380,9.51,NYSE,12544
AMCR,20250717 09:34:26.822000,1402329,503,576883,9.5,NQNX,12548
AMCR,20250717 09:34:28.512000,1406158,1,576884,9.51,NQNX,12659
AMCR,20250717 09:34:28.718000,1406539,400,577384,9.51,NYSE,12639
AMCR,20250717 09:34:28.718000,1406538,100,576984,9.51,NYSE,12639
AMCR,20250717 09:34:30.155000,1409940,1,577385,9.51,IEX,12659
AMCR,20250717 09:34:31.167000,1412365,1,577386,9.51,NQNX,12659
AMCR,20250717 09:34:34.755000,1421115,1,577387,9.51,NQNX,12659
AMCR,20250717 09:34:39.500000,1431961,2,577389,9.51,NTRF,12659
AMCR,20250717 09:34:45.844000,1444796,29,577418,9.51,NQEX,12659
AMCR,20250717 09:34:45.845000,1444798,623,578041,9.52,NQNX,12544
AMCR,20250717 09:34:49.412000,1452982,29,578070,9.51,NQNX,12659
AMCR,20250717 09:34:50.674000,1455498,1,578071,9.51,NQNX,12659
AMCR,20250717 09:34:51.909000,1457767,100,578171,9.51,CINC,12639
AMCR,20250717 09:34:51.909000,1457775,100,578772,9.51,NYSE,12544
AMCR,20250717 09:34:51.909000,1457777,1,578773,9.51,BATY,12659
AMCR,20250717 09:34:51.909000,1457768,1,578172,9.51,CINC,12659
AMCR,20250717 09:34:51.909000,1457773,100,578672,9.51,NQEX,12544
AMCR,20250717 09:34:51.909000,1457772,400,578572,9.51,NQEX,12544
AMCR,20250717 09:34:54.512000,1462250,14,578787,9.51,NQNX,12659
AMCR,20250717 09:34:56.840000,1466848,1,578788,9.51,NQNX,12659
AMCR,20250717 09:34:58.240000,1470277,21,578809,9.51,NQNX,12659
AMCR,20250717 09:35:00.001000,1474095,13,578822,9.51,NQNX,12659
AMCR,20250717 09:35:00.065000,1474513,300,579122,9.51,IEX,12544
AMCR,20250717 09:35:00.065000,1474514,100,579222,9.51,IEX,12544
AMCR,20250717 09:35:00.079000,1474625,100,579322,9.51,NQNX,12544
AMCR,20250717 09:35:00.931000,1476941,100,579422,9.51,NYSE,12544
AMCR,20250717 09:35:01.378000,1478432,5,579427,9.51,NQNX,12659
AMCR,20250717 09:35:01.717000,1479814,500,582742,9.51,NQEX,12639
AMCR,20250717 09:35:01.717000,1479815,5,582747,9.51,NQEX,12659
AMCR,20250717 09:35:01.717000,1479816,500,583247,9.51,NQEX,12639
AMCR,20250717 09:35:01.717000,1479813,300,582242,9.51,BATS,12639
AMCR,20250717 09:35:01.717000,1479818,150,583397,9.51,MEMX,12639
AMCR,20250717 09:35:01.717000,1479819,50,583447,9.51,MEMX,12659
AMCR,20250717 09:35:01.717000,1479820,100,583547,9.51,MEMX,12639
AMCR,20250717 09:35:01.717000,1479822,100,583647,9.5,NYSE,12544
AMCR,20250717 09:35:01.717000,1479805,100,579730,9.51,PACF,12639
AMCR,20250717 09:35:01.717000,1479811,100,581942,9.51,BATS,12639
AMCR,20250717 09:35:01.717000,1479804,1,579630,9.51,AMEX,12659
AMCR,20250717 09:35:01.717000,1479803,2,579629,9.51,PACF,12659
AMCR,20250717 09:35:01.717000,1479802,50,579627,9.51,PACF,12659
AMCR,20250717 09:35:01.717000,1479801,150,579577,9.51,PACF,12639
AMCR,20250717 09:35:01.717000,1479810,800,581842,9.51,BATS,12639
AMCR,20250717 09:35:01.717000,1479807,1312,581042,9.51,NYSE,12639
AMCR,20250717 09:35:01.718000,1479833,100,583847,9.5,BATS,12544
AMCR,20250717 09:35:01.718000,1479827,100,583747,9.5,NQEX,12544
AMCR,20250717 09:35:01.720000,1479848,100,583947,9.5,NQNX,12544
AMCR,20250717 09:35:01.815000,1480183,100,584047,9.5,NTRF,12544
AMCR,20250717 09:35:02.600000,1482369,100,584147,9.5,BATS,12544
AMCR,20250717 09:35:02.600000,1482370,100,584247,9.5,NYSE,12544
AMCR,20250717 09:35:02.600000,1482371,100,584347,9.5,NQEX,12544
AMCR,20250717 09:35:03.625000,1485424,33,584380,9.5,NQNX,12659
AMCR,20250717 09:35:03.966000,1486631,21,584401,9.5,NQEX,12659
AMCR,20250717 09:35:07.253000,1497271,21,584422,9.51,NQNX,12659
AMCR,20250717 09:35:15.285000,1518787,100,599581,9.5,NQEX,12639
AMCR,20250717 09:35:15.285000,1518786,1300,599481,9.5,NQEX,12639
AMCR,20250717 09:35:15.285000,1518785,100,598181,9.5,MEMX,12639
AMCR,20250717 09:35:15.285000,1518784,100,598081,9.5,MEMX,12639
AMCR,20250717 09:35:15.285000,1518783,600,597981,9.5,NQEX,12639
AMCR,20250717 09:35:15.285000,1518782,400,597381,9.5,NQEX,12639
AMCR,20250717 09:35:15.285000,1518781,100,596981,9.5,NQEX,12639
AMCR,20250717 09:35:15.285000,1518799,200,602084,9.5,BATS,12639
AMCR,20250717 09:35:15.285000,1518788,100,599681,9.5,NQEX,12639
AMCR,20250717 09:35:15.285000,1518789,100,599781,9.5,NQEX,12639
AMCR,20250717 09:35:15.285000,1518797,100,601584,9.5,EDGX,12639
AMCR,20250717 09:35:15.285000,1518796,100,601484,9.5,EDGX,12639
AMCR,20250717 09:35:15.285000,1518795,300,601384,9.5,BATS,12639
AMCR,20250717 09:35:15.285000,1518794,100,601084,9.5,BATS,12639
AMCR,20250717 09:35:15.285000,1518792,100,600981,9.5,EDGX,12639
AMCR,20250717 09:35:15.285000,1518791,1000,600881,9.5,NQEX,12639
AMCR,20250717 09:35:15.285000,1518790,100,599881,9.5,BATS,12639
AMCR,20250717 09:35:15.285000,1518793,3,600984,9.5,BATY,12659
AMCR,20250717 09:35:15.285000,1518800,200,602284,9.5,NQEX,12639
AMCR,20250717 09:35:15.285000,1518801,1500,603784,9.5,BATS,12639
AMCR,20250717 09:35:15.285000,1518773,6,593368,9.5,CINC,12659
AMCR,20250717 09:35:15.285000,1518772,7500,593362,9.5,NYSE,12639
AMCR,20250717 09:35:15.285000,1518771,800,585862,9.5,NYSE,12639
AMCR,20250717 09:35:15.285000,1518770,539,585062,9.5,PACF,12639
AMCR,20250717 09:35:15.285000,1518769,100,584523,9.5,PACF,12639
AMCR,20250717 09:35:15.285000,1518804,5,605389,9.5,BATS,12659
AMCR,20250717 09:35:15.285000,1518805,100,605489,9.5,BATS,12639
AMCR,20250717 09:35:15.285000,1518806,100,605589,9.5,BATS,12544
AMCR,20250717 09:35:15.285000,1518807,400,605989,9.5,BATS,12544
AMCR,20250717 09:35:15.285000,1518774,52,593420,9.5,CINC,12659
AMCR,20250717 09:35:15.285000,1518775,861,594281,9.5,PACF,12639
AMCR,20250717 09:35:15.285000,1518802,200,603984,9.5,BATS,12639
AMCR,20250717 09:35:15.285000,1518803,1400,605384,9.5,BATS,12639
AMCR,20250717 09:35:15.285000,1518780,100,596881,9.5,PACF,12639
AMCR,20250717 09:35:15.285000,1518778,1400,596581,9.5,PACF,12639
AMCR,20250717 09:35:15.285000,1518777,800,595181,9.5,NYSE,12639
AMCR,20250717 09:35:15.285000,1518776,100,594381,9.5,PACF,12639
AMCR,20250717 09:35:15.285000,1518779,200,596781,9.5,PACF,12639
AMCR,20250717 09:35:15.285000,1518798,300,601884,9.5,NQEX,12639
AMCR,20250717 09:35:15.304000,1518823,100,606189,9.49,EDGX,12544
AMCR,20250717 09:35:15.304000,1518822,100,606089,9.49,BATS,12544
AMCR,20250717 09:35:15.305000,1518825,200,606389,9.49,NQEX,12544
AMCR,20250717 09:35:15.306000,1518830,100,606489,9.49,IEX,12544
AMCR,20250717 09:35:15.307000,1518833,100,606589,9.49,NQNX,12544
AMCR,20250717 09:35:15.436000,1518937,100,606689,9.49,PACF,12544
AMCR,20250717 09:35:16.248000,1520285,1,606690,9.49,NQNX,12659
AMCR,20250717 09:35:16.584000,1521057,700,607390,9.49,NQEX,12639
AMCR,20250717 09:35:16.584000,1521058,377,607767,9.49,NQEX,12639
AMCR,20250717 09:35:16.584000,1521059,300,608067,9.49,NQEX,12639
AMCR,20250717 09:35:16.584000,1521060,23,608090,9.49,NQEX,12659
AMCR,20250717 09:35:16.947000,1521875,1,608091,9.49,NQNX,12659
AMCR,20250717 09:35:20.441000,1529380,20,608111,9.49,NQNX,12659
AMCR,20250717 09:35:20.458000,1529444,100,608211,9.49,NQNX,12544
AMCR,20250717 09:35:28.582000,1553737,1500,613111,9.49,BATS,12544
AMCR,20250717 09:35:28.582000,1553735,1500,611611,9.49,PACF,12544
AMCR,20250717 09:35:28.582000,1553734,1900,610111,9.49,NYSE,12544
AMCR,20250717 09:35:28.975000,1555078,100,613211,9.49,NQEX,12544
AMCR,20250717 09:35:32.967000,1565253,16,613227,9.49,NQNX,12659
AMCR,20250717 09:35:32.974000,1565263,100,613530,9.49,NYSE,12544
AMCR,20250717 09:35:32.974000,1565262,200,613430,9.49,PACF,12544
AMCR,20250717 09:35:32.974000,1565260,3,613230,9.49,CINC,12659
AMCR,20250717 09:35:32.975000,1565266,100,614030,9.49,BATS,12544
AMCR,20250717 09:35:32.975000,1565268,83,614313,9.49,NTRF,12659
AMCR,20250717 09:35:32.975000,1565267,200,614230,9.49,NQEX,12544
AMCR,20250717 09:35:32.975000,1565264,200,613730,9.49,NQNX,12544
AMCR,20250717 09:35:32.975000,1565265,200,613930,9.49,BATS,12544
AMCR,20250717 09:35:32.977000,1565274,5,614318,9.49,NQNX,12659
AMCR,20250717 09:35:32.978000,1565286,100,614513,9.49,NQNX,12544
AMCR,20250717 09:35:32.978000,1565276,95,614413,9.49,IEX,12659
AMCR,20250717 09:35:32.981000,1565288,100,614712,9.49,NTRF,12544
AMCR,20250717 09:35:32.981000,1565287,99,614612,9.49,NQEX,12659
AMCR,20250717 09:35:32.983000,1565298,1,614713,9.49,NQNX,12659
AMCR,20250717 09:35:32.985000,1565301,100,614813,9.49,NQNX,12544
AMCR,20250717 09:35:33.050000,1565431,100,614913,9.49,NTRF,12544
AMCR,20250717 09:35:38.205000,1578882,100,615013,9.49,NQEX,12544
AMCR,20250717 09:35:38.205000,1578883,100,615113,9.49,NYSE,12544
AMCR,20250717 09:35:38.206000,1578884,100,615213,9.49,BATS,12544
AMCR,20250717 09:35:38.207000,1578885,1500,616713,9.49,NYSE,12544
AMCR,20250717 09:35:42.436000,1589501,6400,623113,9.49,NQNX,12544
AMCR,20250717 09:35:42.438000,1589502,1,623114,9.49,IEX,12659
AMCR,20250717 09:35:43.996000,1594033,200,629314,9.49,BATS,12544
AMCR,20250717 09:35:43.996000,1594034,1100,630414,9.49,BATS,12544
AMCR,20250717 09:35:43.996000,1594035,1400,631814,9.49,NQEX,12544
AMCR,20250717 09:35:43.996000,1594036,400,632214,9.49,BATS,12544
AMCR,20250717 09:35:43.996000,1594025,200,626614,9.49,PACF,12544
AMCR,20250717 09:35:43.996000,1594032,100,629114,9.49,BATS,12544
AMCR,20250717 09:35:43.996000,1594031,300,629014,9.49,BATS,12544
AMCR,20250717 09:35:43.996000,1594030,100,628714,9.49,EDGX,12544
AMCR,20250717 09:35:43.996000,1594024,1500,626414,9.49,NYSE,12544
AMCR,20250717 09:35:43.996000,1594022,200,623314,9.49,PACF,12544
AMCR,20250717 09:35:43.996000,1594028,5,628419,9.49,MEMX,12659
AMCR,20250717 09:35:43.996000,1594027,1100,628414,9.49,PACF,12544
AMCR,20250717 09:35:43.996000,1594023,1600,624914,9.49,NYSE,12544
AMCR,20250717 09:35:43.996000,1594029,195,628614,9.49,MEMX,12544
AMCR,20250717 09:35:43.996000,1594026,700,627314,9.49,NYSE,12544
AMCR,20250717 09:35:43.997000,1594064,500,650530,9.49,BATS,12544
AMCR,20250717 09:35:43.997000,1594046,377,635396,9.48,PACF,12544
AMCR,20250717 09:35:43.997000,1594045,100,635019,9.49,PACF,12639
AMCR,20250717 09:35:43.997000,1594044,100,634919,9.49,PACF,12639
AMCR,20250717 09:35:43.997000,1594041,100,634819,9.49,IEX,12544
AMCR,20250717 09:35:43.997000,1594075,185,654211,9.49,EDGX,12639
AMCR,20250717 09:35:43.997000,1594074,200,654026,9.49,BATY,12639
AMCR,20250717 09:35:43.997000,1594073,4,653826,9.49,EDGX,12659
AMCR,20250717 09:35:43.997000,1594072,100,653822,9.49,EDGX,12544
AMCR,20250717 09:35:43.997000,1594071,1200,653722,9.49,EDGX,12544
AMCR,20250717 09:35:43.997000,1594070,100,652522,9.49,MEMX,12544
AMCR,20250717 09:35:43.997000,1594047,100,635496,9.49,EDGE,12544
AMCR,20250717 09:35:43.997000,1594048,400,635896,9.49,PACF,12544
AMCR,20250717 09:35:43.997000,1594058,5,646712,9.49,MEMX,12659
AMCR,20250717 09:35:43.997000,1594057,77,646707,9.49,PACF,12659
AMCR,20250717 09:35:43.997000,1594056,300,646630,9.49,NYSE,12639
AMCR,20250717 09:35:43.997000,1594055,318,646330,9.49,PACF,12544
AMCR,20250717 09:35:43.997000,1594054,300,646012,9.49,PACF,12544
AMCR,20250717 09:35:43.997000,1594053,128,645712,9.49,PACF,12544
AMCR,20250717 09:35:43.997000,1594052,200,645584,9.49,PACF,12544
AMCR,20250717 09:35:43.997000,1594051,400,645384,9.49,PACF,12544
AMCR,20250717 09:35:43.997000,1594050,8711,644984,9.49,NYSE,12544
AMCR,20250717 09:35:43.997000,1594049,377,636273,9.48,NYSE,12544
AMCR,20250717 09:35:43.997000,1594069,100,652422,9.49,MEMX,12544
AMCR,20250717 09:35:43.997000,1594068,1200,652322,9.49,EDGX,12544
AMCR,20250717 09:35:43.997000,1594067,100,651122,9.49,EDGX,12544
AMCR,20250717 09:35:43.997000,1594063,300,650030,9.49,BATS,12544
AMCR,20250717 09:35:43.997000,1594037,100,632314,9.49,NQEX,12544
AMCR,20250717 09:35:43.997000,1594038,100,632414,9.49,NQEX,12544
AMCR,20250717 09:35:43.997000,1594039,1505,633919,9.49,IEX,12544
AMCR,20250717 09:35:43.997000,1594065,292,650822,9.49,BATS,12544
AMCR,20250717 09:35:43.997000,1594059,1000,647712,9.49,BATS,12544
AMCR,20250717 09:35:43.997000,1594040,800,634719,9.49,IEX,12544
AMCR,20250717 09:35:43.997000,1594061,18,648630,9.49,BATS,12659
AMCR,20250717 09:35:43.997000,1594060,900,648612,9.49,BATS,12544
AMCR,20250717 09:35:43.997000,1594066,200,651022,9.49,EDGX,12544
AMCR,20250717 09:35:43.997000,1594062,1100,649730,9.49,BATS,12544
AMCR,20250717 09:35:43.998000,1594078,100,654611,9.49,NQEX,12544
AMCR,20250717 09:35:43.998000,1594080,200,655211,9.49,NQEX,12544
AMCR,20250717 09:35:43.998000,1594084,5,656948,9.49,NQEX,12659
AMCR,20250717 09:35:43.998000,1594083,1500,656943,9.49,NQNX,12544
AMCR,20250717 09:35:43.998000,1594077,100,654511,9.49,MIAX,12544
AMCR,20250717 09:35:43.998000,1594082,200,655443,9.49,NQNX,12544
AMCR,20250717 09:35:43.998000,1594079,400,655011,9.49,NQEX,12544
AMCR,20250717 09:35:43.998000,1594081,32,655243,9.49,NQNX,12659
AMCR,20250717 09:35:43.998000,1594076,200,654411,9.49,MIAX,12544
AMCR,20250717 09:35:43.999000,1594090,700,658076,9.49,NQNX,12544
AMCR,20250717 09:35:43.999000,1594089,28,657376,9.49,NQNX,12659
AMCR,20250717 09:35:43.999000,1594086,400,657348,9.49,NQNX,12544
AMCR,20250717 09:35:43.999000,1594091,300,658376,9.49,NQNX,12544
AMCR,20250717 09:35:44.000000,1594096,21,658397,9.49,NQNX,12659
AMCR,20250717 09:35:44.000000,1594098,26,658449,9.49,NQNX,12659
AMCR,20250717 09:35:44.000000,1594097,26,658423,9.49,NQNX,12659
AMCR,20250717 09:35:44.002000,1594101,100,658549,9.49,NQEX,12544
AMCR,20250717 09:35:44.005000,1594102,200,658749,9.49,NQNX,12544
AMCR,20250717 09:35:44.018000,1594111,100,658849,9.49,NQEX,12544
AMCR,20250717 09:35:49.250000,1607443,1,658868,9.49,NTRF,12640
AMCR,20250717 09:35:49.250000,1607442,18,658867,9.49,NTRF,12659
AMCR,20250717 09:35:49.385000,1607691,1,658869,9.49,NQNX,12659
AMCR,20250717 09:35:49.457000,1607956,1,658870,9.49,NTRF,12659
AMCR,20250717 09:35:56.166000,1624158,10,658880,9.5,NQNX,12659
AMCR,20250717 09:35:57.457000,1627592,1400,660280,9.49,PACF,12544
AMCR,20250717 09:35:57.457000,1627593,300,660580,9.49,PACF,12544
AMCR,20250717 09:35:57.458000,1627594,100,660680,9.49,NYSE,12544
AMCR,20250717 09:36:00.686000,1634949,100,660780,9.49,NQNX,12544
AMCR,20250717 09:36:04.122000,1645162,300,661080,9.49,NTRF,12544
AMCR,20250717 09:36:04.385000,1646076,100,669183,9.49,PACF,12544
AMCR,20250717 09:36:04.385000,1646077,100,669283,9.49,BATS,12639
AMCR,20250717 09:36:04.385000,1646078,100,669383,9.49,BATS,12639
AMCR,20250717 09:36:04.385000,1646080,18,669652,9.49,BATS,12659
AMCR,20250717 09:36:04.385000,1646079,251,669634,9.49,BATS,12639
AMCR,20250717 09:36:04.385000,1646075,100,669083,9.49,PACF,12544
AMCR,20250717 09:36:04.385000,1646074,35,668983,9.49,EDGX,12659
AMCR,20250717 09:36:04.385000,1646073,100,668948,9.49,EDGX,12639
AMCR,20250717 09:36:04.385000,1646072,438,668848,9.49,EDGX,12639
AMCR,20250717 09:36:04.385000,1646081,400,670052,9.49,BATS,12639
AMCR,20250717 09:36:04.385000,1646094,800,674600,9.49,IEX,12544
AMCR,20250717 09:36:04.385000,1646071,18,668410,9.49,PACF,12659
AMCR,20250717 09:36:04.385000,1646070,1500,668392,9.49,PACF,12639
AMCR,20250717 09:36:04.385000,1646069,200,666892,9.49,PACF,12639
AMCR,20250717 09:36:04.385000,1646095,100,674700,9.49,MEMX,12639
AMCR,20250717 09:36:04.385000,1646097,4,674704,9.49,EDGX,12659
AMCR,20250717 09:36:04.385000,1646098,100,674804,9.49,NQEX,12639
AMCR,20250717 09:36:04.385000,1646093,400,673800,9.49,IEX,12544
AMCR,20250717 09:36:04.385000,1646092,1800,673400,9.49,IEX,12544
AMCR,20250717 09:36:04.385000,1646091,200,671600,9.49,BATS,12544
AMCR,20250717 09:36:04.385000,1646090,300,671400,9.49,IEX,12544
AMCR,20250717 09:36:04.385000,1646089,100,671100,9.49,NQEX,12639
AMCR,20250717 09:36:04.385000,1646088,100,671000,9.49,NQEX,12639
AMCR,20250717 09:36:04.385000,1646087,100,670900,9.49,NQEX,12639
AMCR,20250717 09:36:04.385000,1646068,5512,666692,9.49,NYSE,12639
AMCR,20250717 09:36:04.385000,1646086,100,670800,9.49,EDGE,12544
AMCR,20250717 09:36:04.385000,1646085,100,670700,9.49,NQEX,12639
AMCR,20250717 09:36:04.385000,1646084,100,670600,9.49,MIAX,12639
AMCR,20250717 09:36:04.385000,1646082,448,670500,9.49,MIAX,12639
AMCR,20250717 09:36:04.385000,1646067,100,661180,9.49,NYSE,12639
AMCR,20250717 09:36:04.386000,1646099,96,674900,9.49,EDGX,12659
AMCR,20250717 09:36:04.386000,1646100,6980,681880,9.49,NQNX,12544
AMCR,20250717 09:36:07.393000,1655585,5,681885,9.48,NQNX,12659
AMCR,20250717 09:36:08.041000,1657927,1,681886,9.48,NQNX,12659
AMCR,20250717 09:36:08.050000,1657975,1,681887,9.48,NQNX,12659
AMCR,20250717 09:36:08.059000,1657999,100,681987,9.48,NQNX,12544
AMCR,20250717 09:36:12.060000,1667046,100,682687,9.48,NQEX,12639
AMCR,20250717 09:36:12.060000,1667045,200,682587,9.48,NQEX,12639
AMCR,20250717 09:36:12.060000,1667044,400,682387,9.48,NQEX,12639
AMCR,20250717 09:36:15.877000,1677799,200,682887,9.49,NQNX,12548
AMCR,20250717 09:36:26.973000,1705698,3800,686687,9.48,NQNX,12544
AMCR,20250717 09:36:28.002000,1708442,16,686703,9.48,NQNX,12659
AMCR,20250717 09:36:30.022000,1713610,200,686903,9.48,NQNX,12544
AMCR,20250717 09:36:30.218000,1714026,55,686958,9.49,PACF,12659
AMCR,20250717 09:36:32.971000,1719339,1037,693540,9.49,PACF,12544
AMCR,20250717 09:36:32.971000,1719338,100,692503,9.49,PACF,12544
AMCR,20250717 09:36:32.971000,1719343,10,696750,9.49,EDGX,12659
AMCR,20250717 09:36:32.971000,1719336,45,692303,9.49,PACF,12659
AMCR,20250717 09:36:32.971000,1719340,200,693740,9.49,PACF,12544
AMCR,20250717 09:36:32.971000,1719335,5300,692258,9.49,NYSE,12544
AMCR,20250717 09:36:32.971000,1719337,100,692403,9.49,PACF,12544
AMCR,20250717 09:36:32.971000,1719342,2700,696740,9.49,PACF,12544
AMCR,20250717 09:36:32.971000,1719344,200,696950,9.49,MEMX,12544
AMCR,20250717 09:36:32.971000,1719341,300,694040,9.49,PACF,12544
AMCR,20250717 09:36:32.972000,1719349,1300,699764,9.49,IEX,12544
AMCR,20250717 09:36:32.972000,1719348,1200,698464,9.49,IEX,12544
AMCR,20250717 09:36:32.972000,1719345,14,696964,9.49,EDGX,12659
AMCR,20250717 09:36:32.972000,1719347,300,697264,9.49,IEX,12544
AMCR,20250717 09:36:32.972000,1719351,1000,700764,9.49,IEX,12544
AMCR,20250717 09:36:32.972000,1719352,500,701264,9.49,NQEX,12544
AMCR,20250717 09:36:32.977000,1719358,100,701364,9.49,NQNX,12544
AMCR,20250717 09:36:32.980000,1719363,100,701464,9.49,NQNX,12544
AMCR,20250717 09:36:34.595000,1722370,5,701469,9.49,NQNX,12659
AMCR,20250717 09:36:34.774000,1722818,1266,702735,9.49,NQNX,12548
AMCR,20250717 09:36:35.227000,1723599,100,702835,9.49,PACF,12544
AMCR,20250717 09:36:35.227000,1723609,100,705835,9.49,MEMX,12544
AMCR,20250717 09:36:35.227000,1723608,100,705735,9.49,BATS,12544
AMCR,20250717 09:36:35.227000,1723601,100,705035,9.49,PACF,12544
AMCR,20250717 09:36:35.227000,1723605,100,705535,9.49,IEX,12544
AMCR,20250717 09:36:35.227000,1723600,2100,704935,9.49,NYSE,12544
AMCR,20250717 09:36:35.227000,1723610,100,705935,9.49,EDGE,12544
AMCR,20250717 09:36:35.227000,1723607,100,705635,9.49,EDGX,12544
AMCR,20250717 09:36:35.227000,1723604,200,705435,9.49,IEX,12544
AMCR,20250717 09:36:35.227000,1723602,200,705235,9.49,PACF,12544
AMCR,20250717 09:36:35.228000,1723612,100,706035,9.49,NQNX,12544
AMCR,20250717 09:36:35.810000,1725550,500,706535,9.49,BATS,12544
AMCR,20250717 09:36:35.939000,1725759,2,706537,9.48,NQNX,12659
AMCR,20250717 09:36:36.219000,1726244,3700,710237,9.48,NQNX,12544
AMCR,20250717 09:36:36.301000,1726340,100,710337,9.48,NQNX,12544
AMCR,20250717 09:36:37.193000,1727914,100,710437,9.49,NQNX,12544
AMCR,20250717 09:36:41.848000,1738522,100,710537,9.49,NYSE,12544
AMCR,20250717 09:36:47.853000,1753556,100,710637,9.49,NYSE,12544
AMCR,20250717 09:36:50.866000,1759483,100,710737,9.49,NYSE,12544
AMCR,20250717 09:36:51.858000,1761552,392,711129,9.49,NYSE,12544
AMCR,20250717 09:36:51.858000,1761553,1,711130,9.49,EDGE,12659
AMCR,20250717 09:36:51.858000,1761554,2200,713330,9.49,NQEX,12544
AMCR,20250717 09:36:51.858000,1761555,100,713430,9.49,NQEX,12544
AMCR,20250717 09:36:51.870000,1761564,100,713530,9.49,NQNX,12544
AMCR,20250717 09:36:53.836000,1764985,100,713630,9.49,NYSE,12544
AMCR,20250717 09:36:53.992000,1765258,100,713730,9.49,PACF,12544
AMCR,20250717 09:36:57.018000,1772021,1,713731,9.49,NQNX,12640
AMCR,20250717 09:36:59.502000,1777275,3800,717531,9.48,NQNX,12544
AMCR,20250717 09:36:59.505000,1777280,100,717631,9.49,NYSE,12544
AMCR,20250717 09:37:01.962000,1782791,2200,719831,9.49,NYSE,12544
AMCR,20250717 09:37:01.963000,1782792,1100,720931,9.49,EDGX,12544
AMCR,20250717 09:37:01.964000,1782793,100,721031,9.49,NQNX,12544
AMCR,20250717 09:37:01.966000,1782796,100,721131,9.49,NYSE,12544
AMCR,20250717 09:37:04.601000,1787795,10,721141,9.49,NQNX,12659
AMCR,20250717 09:37:04.606000,1787819,100,721241,9.49,NYSE,12544
AMCR,20250717 09:37:04.970000,1788720,7700,731241,9.49,NYSE,12544
AMCR,20250717 09:37:04.970000,1788719,2300,723541,9.49,NYSE,12544
AMCR,20250717 09:37:04.971000,1788721,5,731246,9.49,NQNX,12659
AMCR,20250717 09:37:04.972000,1788729,300,738357,9.49,BATS,12544
AMCR,20250717 09:37:04.972000,1788725,100,735746,9.49,PACF,12544
AMCR,20250717 09:37:04.972000,1788732,111,738968,9.49,NYSE,12544
AMCR,20250717 09:37:04.972000,1788731,300,738857,9.49,NYSE,12544
AMCR,20250717 09:37:04.972000,1788723,100,735546,9.49,PACF,12544
AMCR,20250717 09:37:04.972000,1788722,4200,735446,9.49,NYSE,12544
AMCR,20250717 09:37:04.972000,1788724,100,735646,9.49,PACF,12544
AMCR,20250717 09:37:04.972000,1788730,200,738557,9.49,NYSE,12544
AMCR,20250717 09:37:04.972000,1788727,1600,737357,9.49,BATS,12544
AMCR,20250717 09:37:04.972000,1788726,11,735757,9.49,BATY,12659
AMCR,20250717 09:37:04.972000,1788728,700,738057,9.49,BATS,12544
AMCR,20250717 09:37:04.972000,1788734,200,739168,9.49,NYSE,12639
AMCR,20250717 09:37:04.973000,1788735,200,739368,9.49,BATY,12639
AMCR,20250717 09:37:05.856000,1790504,100,739468,9.48,NYSE,12544
AMCR,20250717 09:37:08.615000,1799185,2500,742868,9.48,NYSE,12639
AMCR,20250717 09:37:08.615000,1799184,900,740368,9.48,NYSE,12639
AMCR,20250717 09:37:08.615000,1799189,100,743368,9.48,BATY,12639
AMCR,20250717 09:37:08.615000,1799192,100,746968,9.48,BATS,12544
AMCR,20250717 09:37:08.615000,1799191,1600,746868,9.48,NQEX,12639
AMCR,20250717 09:37:08.615000,1799190,1900,745268,9.48,NQEX,12639
AMCR,20250717 09:37:08.615000,1799188,100,743268,9.48,CINC,12639
AMCR,20250717 09:37:08.615000,1799187,200,743168,9.48,PACF,12639
AMCR,20250717 09:37:08.615000,1799186,100,742968,9.48,PACF,12639
AMCR,20250717 09:37:08.615000,1799194,100,747168,9.48,EDGE,12544
AMCR,20250717 09:37:08.615000,1799193,100,747068,9.48,BATS,12544
AMCR,20250717 09:37:08.616000,1799199,100,747768,9.48,NQNX,12544
AMCR,20250717 09:37:08.616000,1799198,100,747668,9.48,MIAX,12544
AMCR,20250717 09:37:08.616000,1799197,200,747568,9.48,NQNX,12544
AMCR,20250717 09:37:08.616000,1799196,200,747368,9.48,NQNX,12544
AMCR,20250717 09:37:08.619000,1799201,1300,749068,9.48,NYSE,12544
AMCR,20250717 09:37:08.619000,1799202,300,749368,9.49,NYSE,12544
AMCR,20250717 09:37:12.592000,1808172,100,749468,9.48,NTRF,12544
AMCR,20250717 09:37:13.216000,1809265,45,749513,9.48,NQNX,12659
AMCR,20250717 09:37:13.626000,1809810,5,749518,9.48,NQNX,12659
AMCR,20250717 09:37:13.627000,1809813,900,750418,9.48,NQEX,12544
AMCR,20250717 09:37:13.627000,1809814,1350,751768,9.48,NQEX,12544
AMCR,20250717 09:37:13.954000,1810618,377,752145,9.49,NQNX,12548
AMCR,20250717 09:37:15.221000,1813680,1,752146,9.48,BTRF,12659
AMCR,20250717 09:37:16.002000,1814917,1500,753646,9.48,NQEX,12544
AMCR,20250717 09:37:16.002000,1814918,750,754396,9.48,NQEX,12544
AMCR,20250717 09:37:16.113000,1815410,100,754496,9.48,BATS,12544
AMCR,20250717 09:37:16.400000,1816140,3800,758296,9.48,NQNX,12544
AMCR,20250717 09:37:16.586000,1816562,1114,759410,9.49,NQNX,12548
AMCR,20250717 09:37:24.453000,1833329,12,759422,9.48,NQNX,12659
AMCR,20250717 09:37:27.424000,1839866,1,759423,9.49,BOST,12659
AMCR,20250717 09:37:30.796000,1845373,299,759722,9.49,BOST,12639
AMCR,20250717 09:37:37.835000,1861138,239,759961,9.48,NQNX,12544
AMCR,20250717 09:37:37.838000,1861141,1,759962,9.48,NQNX,12659
AMCR,20250717 09:37:44.843000,1873741,12,759974,9.49,NQNX,12659
AMCR,20250717 09:37:46.766000,1877677,2473,762447,9.48,NQNX,12544
AMCR,20250717 09:37:46.987000,1878138,41,762488,9.49,NQNX,12659
AMCR,20250717 09:37:49.757000,1882352,1111,763599,9.48,NQNX,12544
AMCR,20250717 09:37:49.766000,1882367,100,763699,9.48,NQNX,12544
AMCR,20250717 09:37:51.000000,1884195,331,764030,9.48,NQNX,12548
AMCR,20250717 09:37:56.838000,1894950,100,764130,9.49,NYSE,12544
AMCR,20250717 09:37:57.555000,1896072,5,764135,9.48,NQNX,12659
AMCR,20250717 09:38:01.024000,1901590,3,764138,9.48,NQNX,12659
AMCR,20250717 09:38:03.414000,1907746,75,764213,9.48,NQNX,12659
AMCR,20250717 09:38:05.389000,1913624,683,764896,9.48,NQNX,12548
AMCR,20250717 09:38:05.394000,1913628,100,764996,9.48,NYSE,12544
AMCR,20250717 09:38:06.638000,1916753,100,765096,9.49,NQNX,12544
AMCR,20250717 09:38:08.677000,1921205,100,765196,9.49,BATS,12639
AMCR,20250717 09:38:13.767000,1930990,1080,766276,9.48,NQNX,12544
AMCR,20250717 09:38:15.479000,1935437,5,766281,9.48,NQNX,12659
AMCR,20250717 09:38:18.421000,1941447,13,766294,9.48,NQNX,12659
AMCR,20250717 09:38:20.604000,1946452,100,766394,9.49,NQNX,12544
AMCR,20250717 09:38:20.617000,1946463,100,766494,9.49,NYSE,12544
AMCR,20250717 09:38:21.144000,1948226,15,766509,9.48,NQNX,12659
AMCR,20250717 09:38:24.520000,1955913,100,766609,9.48,NTRF,12544
AMCR,20250717 09:38:29.854000,1965449,100,766709,9.49,NYSE,12544
AMCR,20250717 09:38:30.525000,1966873,1,766712,9.48,NQNX,12659
AMCR,20250717 09:38:30.525000,1966872,1,766711,9.48,NQNX,12659
AMCR,20250717 09:38:30.525000,1966874,1,766713,9.48,NQNX,12659
AMCR,20250717 09:38:30.525000,1966871,1,766710,9.48,NQNX,12659
AMCR,20250717 09:38:30.542000,1966929,64,766777,9.48,NQNX,12659
AMCR,20250717 09:38:34.966000,1975246,200,766977,9.49,BATS,12639
AMCR,20250717 09:38:36.938000,1979443,3500,770777,9.48,NQNX,12544
AMCR,20250717 09:38:36.938000,1979442,300,767277,9.48,NQNX,12544
AMCR,20250717 09:38:40.032000,1986631,1219,771996,9.48,NQNX,12544
AMCR,20250717 09:38:40.032000,1986632,406,772402,9.48,NQNX,12544
AMCR,20250717 09:38:40.033000,1986637,94,772496,9.48,NQNX,12659
AMCR,20250717 09:38:40.033000,1986638,100,772596,9.48,NQNX,12544
AMCR,20250717 09:38:40.036000,1986639,200,772796,9.48,NQNX,12544
AMCR,20250717 09:38:40.038000,1986662,200,772996,9.48,NQNX,12544
AMCR,20250717 09:38:40.039000,1986667,100,773096,9.48,NYSE,12544
AMCR,20250717 09:38:42.766000,1993300,350,773446,9.48,NQNX,12544
AMCR,20250717 09:38:44.842000,1996807,100,773546,9.48,NYSE,12544
AMCR,20250717 09:38:47.845000,2002230,100,773646,9.48,NYSE,12544
AMCR,20250717 09:38:50.847000,2007519,100,773746,9.48,NYSE,12544
AMCR,20250717 09:38:53.850000,2012182,100,773846,9.48,NYSE,12544
AMCR,20250717 09:38:56.850000,2017599,100,773946,9.48,NYSE,12544
AMCR,20250717 09:39:02.850000,2028339,100,774046,9.48,NYSE,12544
AMCR,20250717 09:39:03.864000,2031539,5,774051,9.48,NQNX,12659
AMCR,20250717 09:39:05.605000,2037356,100,774151,9.48,BATS,12544
AMCR,20250717 09:39:07.395000,2040961,20,774171,9.48,NQNX,12659
AMCR,20250717 09:39:07.404000,2041024,100,774271,9.48,NYSE,12544
AMCR,20250717 09:39:14.335000,2054733,79,774350,9.48,NQNX,12659
AMCR,20250717 09:39:14.361000,2054838,100,774450,9.48,NYSE,12544
AMCR,20250717 09:39:20.856000,2066562,100,774550,9.48,NYSE,12544
AMCR,20250717 09:39:29.862000,2083630,100,774650,9.48,NYSE,12544
AMCR,20250717 09:39:35.633000,2094994,326,774976,9.48,NQNX,12548
AMCR,20250717 09:39:38.234000,2099836,5000,779976,9.49,NQNX,12544
AMCR,20250717 09:39:38.239000,2099841,100,780576,9.49,BATS,12544
AMCR,20250717 09:39:38.239000,2099842,1000,781576,9.49,BATS,12544
AMCR,20250717 09:39:38.239000,2099838,200,780176,9.49,NYSE,12544
AMCR,20250717 09:39:38.239000,2099840,300,780476,9.49,BATS,12544
AMCR,20250717 09:39:38.241000,2099847,278,782054,9.49,NQEX,12544
AMCR,20250717 09:39:38.241000,2099846,100,781776,9.49,NQEX,12544
AMCR,20250717 09:39:38.241000,2099845,100,781676,9.49,NQEX,12544
AMCR,20250717 09:39:38.254000,2099864,400,782454,9.49,NYSE,12544
AMCR,20250717 09:39:38.265000,2099872,200,782654,9.49,NYSE,12544
AMCR,20250717 09:39:38.278000,2099885,100,782754,9.48,NYSE,12544
AMCR,20250717 09:39:41.600000,2106472,100,782854,9.48,NQNX,12544
AMCR,20250717 09:39:41.606000,2106473,100,782954,9.48,NYSE,12544
AMCR,20250717 09:39:42.213000,2107470,6,782964,9.48,CINC,12659
AMCR,20250717 09:39:42.213000,2107471,900,783864,9.48,NYSE,12544
AMCR,20250717 09:39:42.213000,2107473,300,784164,9.48,PACF,12544
AMCR,20250717 09:39:42.213000,2107474,3,784167,9.48,BATY,12659
AMCR,20250717 09:39:42.213000,2107475,2,784169,9.48,BATY,12659
AMCR,20250717 09:39:42.213000,2107476,400,784569,9.48,BATY,12639
AMCR,20250717 09:39:42.213000,2107477,100,784669,9.48,PACF,12639
AMCR,20250717 09:39:42.213000,2107478,50,784719,9.48,PACF,12659
AMCR,20250717 09:39:42.213000,2107469,4,782958,9.48,CINC,12659
AMCR,20250717 09:39:42.214000,2107524,100,810780,9.48,BATS,12544
AMCR,20250717 09:39:42.214000,2107525,100,810880,9.48,EDGE,12544
AMCR,20250717 09:39:42.214000,2107526,400,811280,9.48,BATS,12639
AMCR,20250717 09:39:42.214000,2107527,5,811285,9.48,NQNX,12659
AMCR,20250717 09:39:42.214000,2107479,50,784769,9.48,PACF,12659
AMCR,20250717 09:39:42.214000,2107480,100,784869,9.48,PACF,12639
AMCR,20250717 09:39:42.214000,2107481,100,784969,9.48,PACF,12639
AMCR,20250717 09:39:42.214000,2107513,100,807480,9.48,NQEX,12639
AMCR,20250717 09:39:42.214000,2107518,1600,809980,9.48,NQEX,12639
AMCR,20250717 09:39:42.214000,2107517,100,808380,9.48,NQEX,12639
AMCR,20250717 09:39:42.214000,2107516,200,808280,9.48,NQEX,12639
AMCR,20250717 09:39:42.214000,2107515,100,808080,9.48,NQEX,12639
AMCR,20250717 09:39:42.214000,2107519,300,810280,9.48,MIAX,12544
AMCR,20250717 09:39:42.214000,2107520,200,810480,9.48,EDGX,12544
AMCR,20250717 09:39:42.214000,2107522,100,810580,9.48,MEMX,12544
AMCR,20250717 09:39:42.214000,2107523,100,810680,9.48,EDGX,12544
AMCR,20250717 09:39:42.214000,2107514,500,807980,9.48,NQEX,12639
AMCR,20250717 09:39:42.214000,2107482,100,785069,9.48,PACF,12639
AMCR,20250717 09:39:42.214000,2107483,100,785169,9.48,PACF,12639
AMCR,20250717 09:39:42.214000,2107499,50,801380,9.48,MEMX,12659
AMCR,20250717 09:39:42.214000,2107500,100,801480,9.48,MEMX,12639
AMCR,20250717 09:39:42.214000,2107501,100,801580,9.48,MEMX,12639
AMCR,20250717 09:39:42.214000,2107502,300,801880,9.48,MEMX,12639
AMCR,20250717 09:39:42.214000,2107503,400,802280,9.48,MEMX,12639
AMCR,20250717 09:39:42.214000,2107504,100,802380,9.48,MEMX,12639
AMCR,20250717 09:39:42.214000,2107505,1400,803780,9.48,BATS,12639
AMCR,20250717 09:39:42.214000,2107506,1600,805380,9.48,BATS,12639
AMCR,20250717 09:39:42.214000,2107507,300,805680,9.48,BATS,12639
AMCR,20250717 09:39:42.214000,2107509,50,806130,9.48,BATS,12659
AMCR,20250717 09:39:42.214000,2107510,50,806180,9.48,BATS,12659
AMCR,20250717 09:39:42.214000,2107511,500,806680,9.48,NQEX,12544
AMCR,20250717 09:39:42.214000,2107512,700,807380,9.48,NQEX,12544
AMCR,20250717 09:39:42.214000,2107498,150,801330,9.48,MEMX,12639
AMCR,20250717 09:39:42.214000,2107508,400,806080,9.48,BATS,12639
AMCR,20250717 09:39:42.214000,2107486,11806,798575,9.48,NYSE,12639
AMCR,20250717 09:39:42.214000,2107488,100,798675,9.48,PACF,12544
AMCR,20250717 09:39:42.214000,2107489,600,799275,9.48,BATS,12639
AMCR,20250717 09:39:42.214000,2107490,200,799475,9.48,EDGX,12639
AMCR,20250717 09:39:42.214000,2107491,300,799775,9.48,PACF,12544
AMCR,20250717 09:39:42.214000,2107492,100,799875,9.48,EDGX,12639
AMCR,20250717 09:39:42.214000,2107493,200,800075,9.48,EDGX,12639
AMCR,20250717 09:39:42.214000,2107497,400,801180,9.48,BATS,12639
AMCR,20250717 09:39:42.214000,2107494,400,800475,9.48,BATS,12639
AMCR,20250717 09:39:42.214000,2107495,5,800480,9.48,BATS,12659
AMCR,20250717 09:39:42.214000,2107496,300,800780,9.48,EDGX,12639
AMCR,20250717 09:39:42.214000,2107484,1400,786569,9.48,PACF,12639
AMCR,20250717 09:39:42.214000,2107485,200,786769,9.48,PACF,12639
AMCR,20250717 09:39:42.219000,2107559,100,811385,9.47,NQNX,12544
AMCR,20250717 09:39:42.220000,2107563,300,811685,9.47,NYSE,12544
AMCR,20250717 09:39:42.220000,2107564,600,812285,9.48,NYSE,12544
AMCR,20250717 09:39:42.228000,2107577,67,812352,9.47,NTRF,12659
AMCR,20250717 09:39:42.229000,2107578,400,812752,9.47,NYSE,12544
AMCR,20250717 09:39:42.638000,2108295,100,812852,9.47,NQNX,12544
AMCR,20250717 09:39:42.821000,2108647,200,813052,9.47,NQEX,12544
AMCR,20250717 09:39:42.925000,2108892,5,813057,9.47,BATY,12659
AMCR,20250717 09:39:45.763000,2115055,100,813157,9.47,NQNX,12544
AMCR,20250717 09:39:49.586000,2123604,4500,817657,9.47,NYSE,12639
AMCR,20250717 09:39:49.586000,2123606,200,817857,9.47,IEX,12544
AMCR,20250717 09:39:49.586000,2123608,500,818457,9.47,IEX,12544
AMCR,20250717 09:39:49.586000,2123607,100,817957,9.47,IEX,12544
AMCR,20250717 09:39:49.586000,2123612,200,820557,9.47,IEX,12544
AMCR,20250717 09:39:49.586000,2123611,100,820357,9.47,IEX,12544
AMCR,20250717 09:39:49.586000,2123609,300,818757,9.47,IEX,12544
AMCR,20250717 09:39:49.586000,2123610,1500,820257,9.47,IEX,12544
AMCR,20250717 09:39:49.587000,2123616,8,820565,9.47,NQNX,12659
AMCR,20250717 09:39:51.067000,2126957,1300,821865,9.47,NYSE,12544
AMCR,20250717 09:39:59.131000,2143536,400,822665,9.47,NQNX,12544
AMCR,20250717 09:39:59.131000,2143535,400,822265,9.47,NQNX,12544
AMCR,20250717 09:40:00.019000,2145418,1,822666,9.47,NQNX,12659
AMCR,20250717 09:40:00.157000,2146244,1,822667,9.47,BATY,12659
AMCR,20250717 09:40:00.159000,2146246,100,822767,9.47,NQNX,12544
AMCR,20250717 09:40:00.175000,2146274,5,822772,9.47,NQNX,12659
AMCR,20250717 09:40:01.264000,2149881,200,822972,9.47,NYSE,12544
AMCR,20250717 09:40:01.705000,2151062,25,822997,9.48,NQNX,12659
AMCR,20250717 09:40:02.856000,2153688,25,823022,9.48,NTRF,12659
AMCR,20250717 09:40:03.417000,2155838,810,823832,9.48,NQNX,12548
AMCR,20250717 09:40:03.757000,2156723,25,823857,9.47,NQNX,12659
AMCR,20250717 09:40:04.224000,2157989,25,823882,9.47,NQNX,12659
AMCR,20250717 09:40:04.839000,2159491,3800,827682,9.47,NQNX,12544
AMCR,20250717 09:40:04.840000,2159493,1,827685,9.47,MIAX,12659
AMCR,20250717 09:40:04.840000,2159492,2,827684,9.47,EDGX,12659
AMCR,20250717 09:40:04.861000,2159524,100,827785,9.47,NQNX,12544
AMCR,20250717 09:40:06.261000,2162982,25,827810,9.48,NQNX,12659
AMCR,20250717 09:40:06.471000,2163292,50,827860,9.47,NQNX,12659
AMCR,20250717 09:40:09.488000,2170903,5,827865,9.47,NQNX,12659
AMCR,20250717 09:40:10.435000,2172644,5,827870,9.47,NQNX,12659
AMCR,20250717 09:40:14.334000,2180630,37,827907,9.47,NQNX,12659
AMCR,20250717 09:40:15.291000,2183008,25,827932,9.47,NQNX,12659
AMCR,20250717 09:40:16.619000,2187515,18,827950,9.47,NQNX,12659
AMCR,20250717 09:40:16.878000,2188110,25,827975,9.47,NQNX,12659
AMCR,20250717 09:40:19.226000,2191659,200,828175,9.47,NYSE,12639
AMCR,20250717 09:40:19.443000,2192082,100,828275,9.47,NQNX,12544
AMCR,20250717 09:40:28.980000,2210635,100,828375,9.47,NQNX,12544
AMCR,20250717 09:40:28.983000,2210642,118,828493,9.47,NQNX,12544
AMCR,20250717 09:40:28.988000,2210651,169,828662,9.47,NQNX,12544
AMCR,20250717 09:40:30.337000,2213277,25,828687,9.47,NQNX,12659
AMCR,20250717 09:40:32.008000,2216713,13,833000,9.48,IEX,12659
AMCR,20250717 09:40:32.008000,2216707,300,828987,9.48,IEX,12544
AMCR,20250717 09:40:32.008000,2216708,800,829787,9.48,IEX,12544
AMCR,20250717 09:40:32.008000,2216709,300,830087,9.48,IEX,12544
AMCR,20250717 09:40:32.008000,2216710,100,830187,9.48,IEX,12544
AMCR,20250717 09:40:32.008000,2216711,1200,831387,9.48,IEX,12544
AMCR,20250717 09:40:32.008000,2216712,1600,832987,9.48,IEX,12544
AMCR,20250717 09:40:33.340000,2219144,21,833021,9.47,NQNX,12659
AMCR,20250717 09:40:33.639000,2219873,200,840159,9.48,MIAX,12544
AMCR,20250717 09:40:33.639000,2219869,100,834320,9.48,PACF,12544
AMCR,20250717 09:40:33.639000,2219867,22,833920,9.48,BATS,12659
AMCR,20250717 09:40:33.639000,2219870,100,834420,9.48,PACF,12544
AMCR,20250717 09:40:33.639000,2219871,38,834458,9.48,PACF,12659
AMCR,20250717 09:40:33.639000,2219872,5501,839959,9.48,NYSE,12544
AMCR,20250717 09:40:33.639000,2219868,300,834220,9.48,BATS,12544
AMCR,20250717 09:40:33.639000,2219866,407,833898,9.48,EDGX,12544
AMCR,20250717 09:40:33.639000,2219865,170,833491,9.48,BATS,12544
AMCR,20250717 09:40:33.639000,2219864,300,833321,9.48,MEMX,12544
AMCR,20250717 09:40:33.640000,2219875,1100,841259,9.48,NQEX,12544
AMCR,20250717 09:40:33.640000,2219876,1000,842259,9.48,NQEX,12544
AMCR,20250717 09:40:33.640000,2219877,100,842359,9.48,NQEX,12544
AMCR,20250717 09:40:33.640000,2219886,32,842391,9.48,NQNX,12659
AMCR,20250717 09:40:33.640000,2219889,68,842542,9.48,NQNX,12659
AMCR,20250717 09:40:33.640000,2219890,12,842554,9.48,NQNX,12659
AMCR,20250717 09:40:33.640000,2219888,83,842474,9.48,NQNX,12659
AMCR,20250717 09:40:33.641000,2219891,11,842565,9.48,NQNX,12659
AMCR,20250717 09:40:33.641000,2219892,3,842568,9.48,NQNX,12659
AMCR,20250717 09:40:33.643000,2219894,100,842668,9.48,NQEX,12544
AMCR,20250717 09:40:35.255000,2222798,100,842768,9.48,NQEX,12544
AMCR,20250717 09:40:35.613000,2223361,100,842868,9.48,NQNX,12544
AMCR,20250717 09:40:42.768000,2235636,323,843191,9.47,NQNX,12548
AMCR,20250717 09:40:44.426000,2238757,13,843204,9.49,NQNX,12659
AMCR,20250717 09:40:49.714000,2248316,3,843207,9.48,NQNX,12659
AMCR,20250717 09:40:53.565000,2255483,6,843213,9.48,NQNX,12659
AMCR,20250717 09:40:53.593000,2255536,2,843215,9.48,NYSE,12659
AMCR,20250717 09:41:00.523000,2268658,14,843229,9.48,NQNX,12659
AMCR,20250717 09:41:01.880000,2272058,100,843329,9.48,NQNX,12544
AMCR,20250717 09:41:03.990000,2277135,100,843429,9.48,NQEX,12544
AMCR,20250717 09:41:08.722000,2287375,1,843430,9.48,NQNX,12659
AMCR,20250717 09:41:09.370000,2289189,1600,846828,9.48,NQEX,12544
AMCR,20250717 09:41:09.370000,2289184,1600,845030,9.48,NYSE,12544
AMCR,20250717 09:41:09.370000,2289185,198,845228,9.49,BATS,12639
AMCR,20250717 09:41:10.169000,2292623,27,846855,9.49,IEX,12659
AMCR,20250717 09:41:10.580000,2293479,100,846955,9.49,EDGX,12544
AMCR,20250717 09:41:10.581000,2293486,30,846985,9.48,NQNX,12659
AMCR,20250717 09:41:10.581000,2293494,8,846993,9.48,NQNX,12659
AMCR,20250717 09:41:10.583000,2293499,2,846995,9.48,NQNX,12659
AMCR,20250717 09:41:12.098000,2296898,1,846996,9.48,NQNX,12659
AMCR,20250717 09:41:13.654000,2300092,14,847010,9.48,NQNX,12659
AMCR,20250717 09:41:14.343000,2301192,322,847332,9.47,NQNX,12548
AMCR,20250717 09:41:21.044000,2315545,50,847382,9.48,NQNX,12659
AMCR,20250717 09:41:21.681000,2317417,1,847383,9.48,EDGX,12659
AMCR,20250717 09:41:24.455000,2323847,1,847384,9.48,BATS,12659
AMCR,20250717 09:41:25.125000,2325318,100,847484,9.48,BATS,12544
AMCR,20250717 09:41:25.140000,2325442,100,847584,9.48,NQEX,12544
AMCR,20250717 09:41:31.644000,2338958,531,848115,9.48,NQNX,12544
AMCR,20250717 09:41:31.646000,2338960,1,848116,9.48,NQNX,12659
AMCR,20250717 09:41:37.603000,2351713,3,848119,9.48,NQNX,12659
AMCR,20250717 09:41:41.795000,2360639,3,848122,9.48,EDGX,12659
AMCR,20250717 09:41:44.335000,2365829,33,848155,9.48,NQNX,12659
AMCR,20250717 09:41:44.634000,2366481,1241,849396,9.48,NQNX,12544
AMCR,20250717 09:41:45.260000,2367758,14,849410,9.49,NQNX,12659
AMCR,20250717 09:41:49.506000,2375402,1,849411,9.48,NQNX,12659
AMCR,20250717 09:41:51.965000,2380768,100,849511,9.48,NQNX,12544
AMCR,20250717 09:41:52.460000,2382498,50,849561,9.48,NQNX,12659
AMCR,20250717 09:42:00.157000,2398342,2,849563,9.48,CINC,12659
AMCR,20250717 09:42:02.141000,2404209,1,849564,9.48,BATS,12659
AMCR,20250717 09:42:02.156000,2404272,100,849664,9.48,NQNX,12544
AMCR,20250717 09:42:03.429000,2407478,341,850005,9.48,NQNX,12548
AMCR,20250717 09:42:04.002000,2408881,1,850006,9.48,NQNX,12659
AMCR,20250717 09:42:07.262000,2419604,132,850138,9.48,NQNX,12544
AMCR,20250717 09:42:07.264000,2419608,1,850139,9.48,NQNX,12659
AMCR,20250717 09:42:11.669000,2429107,100,850239,9.48,NQNX,12544
AMCR,20250717 09:42:12.928000,2432146,4,850243,9.48,EDGX,12659
AMCR,20250717 09:42:12.982000,2432177,17,850260,9.48,NQNX,12659
AMCR,20250717 09:42:16.004000,2439988,26,850286,9.48,NQNX,12659
AMCR,20250717 09:42:16.005000,2439992,1,850287,9.49,NQNX,12659
AMCR,20250717 09:42:16.882000,2441827,100,850387,9.48,BATS,12544
AMCR,20250717 09:42:17.560000,2443647,310,850697,9.48,NQNX,12544
AMCR,20250717 09:42:25.567000,2459832,200,850897,9.48,NQEX,12544
AMCR,20250717 09:42:25.568000,2459840,1,850898,9.48,NQEX,12659
AMCR,20250717 09:42:28.491000,2466984,32,851864,9.48,NQNX,12659
AMCR,20250717 09:42:28.491000,2466983,934,851832,9.48,NQNX,12544
AMCR,20250717 09:42:29.613000,2469863,17,851881,9.49,NQNX,12659
AMCR,20250717 09:42:30.002000,2470720,200,852081,9.48,NQNX,12544
AMCR,20250717 09:42:35.540000,2484976,3,852890,9.48,BATY,12659
AMCR,20250717 09:42:35.540000,2484973,167,852253,9.48,NYSE,12544
AMCR,20250717 09:42:35.540000,2484974,633,852886,9.48,NYSE,12544
AMCR,20250717 09:42:35.540000,2484970,1,852082,9.48,CINC,12659
AMCR,20250717 09:42:35.540000,2484975,1,852887,9.48,BATY,12659
AMCR,20250717 09:42:35.540000,2484979,8,852903,9.48,EDGX,12659
AMCR,20250717 09:42:35.540000,2484983,100,853003,9.48,NQEX,12544
AMCR,20250717 09:42:35.540000,2484984,67,853070,9.48,NQEX,12659
AMCR,20250717 09:42:35.540000,2484977,5,852895,9.48,BATY,12659
AMCR,20250717 09:42:35.540000,2484985,221,853291,9.48,NQEX,12544
AMCR,20250717 09:42:35.540000,2484971,4,852086,9.48,CINC,12659
AMCR,20250717 09:42:36.070000,2485971,3,853294,9.48,EDGX,12659
AMCR,20250717 09:42:37.885000,2491563,306,856399,9.48,BATS,12639
AMCR,20250717 09:42:37.885000,2491579,212,858029,9.48,NQEX,12639
AMCR,20250717 09:42:37.885000,2491578,50,857817,9.48,BATS,12659
AMCR,20250717 09:42:37.885000,2491554,50,855891,9.48,PACF,12659
AMCR,20250717 09:42:37.885000,2491573,50,857567,9.48,MEMX,12659
AMCR,20250717 09:42:37.885000,2491572,150,857517,9.48,MEMX,12639
AMCR,20250717 09:42:37.885000,2491564,1,856400,9.48,BATS,12659
AMCR,20250717 09:42:37.885000,2491571,3,857367,9.48,BATS,12659
AMCR,20250717 09:42:37.885000,2491570,400,857364,9.48,BATS,12639
AMCR,20250717 09:42:37.885000,2491555,100,855991,9.48,PACF,12639
AMCR,20250717 09:42:37.885000,2491553,400,855841,9.48,PACF,12639
AMCR,20250717 09:42:37.885000,2491552,150,855441,9.48,PACF,12639
AMCR,20250717 09:42:37.885000,2491569,440,856964,9.48,EDGX,12639
AMCR,20250717 09:42:37.885000,2491566,124,856524,9.48,BATS,12639
AMCR,20250717 09:42:37.885000,2491574,100,857667,9.48,MEMX,12639
AMCR,20250717 09:42:37.885000,2491551,100,855291,9.48,PACF,12639
AMCR,20250717 09:42:37.885000,2491539,1607,855191,9.48,NYSE,12544
AMCR,20250717 09:42:37.885000,2491534,290,853584,9.48,NYSE,12544
AMCR,20250717 09:42:37.885000,2491557,2,856093,9.48,PACF,12659
AMCR,20250717 09:42:37.885000,2491575,100,857767,9.48,MEMX,12639
AMCR,20250717 09:42:37.885000,2491556,100,856091,9.48,PACF,12639
AMCR,20250717 09:42:37.887000,2491612,100,858129,9.48,NQNX,12544
AMCR,20250717 09:42:37.889000,2491653,80,858209,9.48,NQNX,12640
AMCR,20250717 09:42:37.889000,2491657,56,858325,9.48,NQNX,12640
AMCR,20250717 09:42:37.889000,2491656,60,858269,9.48,NQNX,12640
AMCR,20250717 09:42:37.897000,2491727,100,858425,9.48,CINC,12544
AMCR,20250717 09:42:37.898000,2491729,200,858625,9.48,CINC,12639
AMCR,20250717 09:42:37.898000,2491730,200,858825,9.48,CINC,12544
AMCR,20250717 09:42:37.898000,2491731,400,859225,9.48,BATY,12544
AMCR,20250717 09:42:37.898000,2491732,200,859425,9.48,BATY,12544
AMCR,20250717 09:42:37.899000,2491740,56,859481,9.48,NQNX,12640
AMCR,20250717 09:42:37.928000,2491955,100,859581,9.47,NQEX,12544
AMCR,20250717 09:42:38.103000,2492923,211,859792,9.47,NQNX,12544
AMCR,20250717 09:42:38.208000,2493162,24,865053,9.48,PHIL,12659
AMCR,20250717 09:42:38.208000,2493161,337,865029,9.48,IEX,12544
AMCR,20250717 09:42:38.208000,2493160,800,864692,9.48,IEX,12544
AMCR,20250717 09:42:38.208000,2493159,100,863892,9.48,IEX,12544
AMCR,20250717 09:42:38.208000,2493158,2100,863792,9.48,IEX,12544
AMCR,20250717 09:42:38.208000,2493157,1800,861692,9.48,IEX,12544
AMCR,20250717 09:42:38.208000,2493156,100,859892,9.48,EDGE,12544
AMCR,20250717 09:42:38.447000,2493754,224,865277,9.47,NQNX,12544
AMCR,20250717 09:42:41.209000,2501804,1,865278,9.47,NQNX,12659
AMCR,20250717 09:42:41.300000,2502019,200,865478,9.47,NQNX,12544
AMCR,20250717 09:42:42.425000,2504184,1,865479,9.47,NQNX,12659
AMCR,20250717 09:42:43.002000,2505298,1600,867079,9.47,PACF,12544
AMCR,20250717 09:42:43.002000,2505300,300,869479,9.48,CINC,12639
AMCR,20250717 09:42:43.002000,2505299,2100,869179,9.47,NYSE,12544
AMCR,20250717 09:42:43.002000,2505302,1600,871079,9.47,BATS,12544
AMCR,20250717 09:42:45.129000,2509140,1,871080,9.47,EDGX,12659
AMCR,20250717 09:42:49.110000,2516755,19,871099,9.47,NQNX,12659
AMCR,20250717 09:42:52.762000,2523554,265,871364,9.47,NQNX,12544
AMCR,20250717 09:42:52.856000,2523691,9,881382,9.48,CINC,12659
AMCR,20250717 09:42:52.856000,2523690,9,881373,9.48,CINC,12659
AMCR,20250717 09:42:52.856000,2523689,10000,881364,9.48,NYSE,12544
AMCR,20250717 09:42:52.857000,2523704,198,884072,9.48,BATS,12544
AMCR,20250717 09:42:52.857000,2523713,200,892350,9.48,NQEX,12544
AMCR,20250717 09:42:52.857000,2523692,282,881664,9.48,CINC,12544
AMCR,20250717 09:42:52.857000,2523714,2000,894350,9.48,NQEX,12544
AMCR,20250717 09:42:52.857000,2523715,100,894450,9.48,NQEX,12544
