SymbolId,TradeTime,Index,Size,TotalVolume,Price,ReportingExchange,TradeCondition
TLRY,20250717 04:00:00.026000,362,15,15,0.6,PACF,12545
TLRY,20250717 04:00:25.520000,9551,39,54,0.6,PACF,12545
TLRY,20250717 04:00:52.604000,16300,1,55,0.61,PACF,12545
TLRY,20250717 04:01:35.205000,28646,100,155,0.61,PACF,12545
TLRY,20250717 04:02:39.449000,46854,1,156,0.61,PACF,12545
TLRY,20250717 04:02:39.449000,46855,27,183,0.61,PACF,12545
TLRY,20250717 04:02:57.837000,51100,1,184,0.61,PACF,12545
TLRY,20250717 04:02:57.837000,51101,173,357,0.61,PACF,12545
TLRY,20250717 04:02:57.837000,51102,50,407,0.61,PACF,12545
TLRY,20250717 04:02:57.837000,51103,1,408,0.61,PACF,12545
TLRY,20250717 04:02:57.837000,51104,50,458,0.6,PACF,12545
TLRY,20250717 04:02:57.839000,51105,5,463,0.6,PACF,12545
TLRY,20250717 04:02:57.839000,51106,1,464,0.6,PACF,12545
TLRY,20250717 04:02:57.839000,51107,1,465,0.6,PACF,12545
TLRY,20250717 04:02:57.839000,51108,1,466,0.6,PACF,12545
TLRY,20250717 04:03:29.200000,59847,425,891,0.6,PACF,12545
TLRY,20250717 04:04:31.193000,75990,50,941,0.61,PACF,12545
TLRY,20250717 04:04:56.306000,82123,2,943,0.61,EDGX,12545
TLRY,20250717 04:04:56.306000,82124,83,1026,0.6,PACF,12545
TLRY,20250717 04:05:22.787000,86884,617,1643,0.6,PACF,12545
TLRY,20250717 04:05:52.652000,92620,1139,2782,0.6,PACF,12545
TLRY,20250717 04:10:04.769000,136889,9,2791,0.6,PACF,12545
TLRY,20250717 04:13:17.506000,168610,300,3091,0.6,PACF,12545
TLRY,20250717 04:13:17.506000,168611,91,3182,0.6,PACF,12545
TLRY,20250717 04:13:17.506000,168613,240,3429,0.6,NQEX,12545
TLRY,20250717 04:13:17.506000,168612,7,3189,0.6,PACF,12545
TLRY,20250717 04:13:28.305000,170437,60,3489,0.6,EDGX,12545
TLRY,20250717 04:22:19.575000,259518,1,3490,0.6,EDGX,12545
TLRY,20250717 04:22:27.796000,261363,3,3493,0.6,PACF,12545
TLRY,20250717 04:26:46.581000,308072,59,3552,0.6,PACF,12545
TLRY,20250717 04:26:46.582000,308073,398,3950,0.6,NQEX,12545
TLRY,20250717 04:27:26.841000,313349,142,4092,0.6,EDGX,12545
TLRY,20250717 04:30:57.126000,343776,300,4392,0.6,EDGX,12545
TLRY,20250717 04:33:39.981000,369984,10,4403,0.6,NQEX,12545
TLRY,20250717 04:33:39.981000,369983,1,4393,0.6,PACF,12545
TLRY,20250717 04:35:23.178000,386392,486,5221,0.59,PACF,12545
TLRY,20250717 04:35:23.178000,386390,1,4404,0.6,PACF,12545
TLRY,20250717 04:35:23.178000,386391,331,4735,0.6,PACF,12545
TLRY,20250717 04:35:23.178000,386393,57,5278,0.6,EDGX,12545
TLRY,20250717 04:35:23.178000,386394,9,5287,0.6,EDGX,12545
TLRY,20250717 04:35:23.178000,386395,12,5299,0.6,EDGX,12545
TLRY,20250717 04:35:23.178000,386396,12,5311,0.6,EDGX,12545
TLRY,20250717 04:35:23.178000,386397,12,5323,0.6,EDGX,12545
TLRY,20250717 04:35:23.179000,386398,20,5343,0.59,PACF,12545
TLRY,20250717 04:35:23.179000,386399,12,5355,0.59,PACF,12545
TLRY,20250717 04:35:23.179000,386400,12,5367,0.59,PACF,12545
TLRY,20250717 04:35:23.180000,386401,109,5476,0.59,PACF,12545
TLRY,20250717 04:38:51.674000,421450,1,5477,0.6,EDGX,12545
TLRY,20250717 04:49:43.677000,506560,100,8992,0.6,EDGX,12545
TLRY,20250717 04:49:43.677000,506555,100,5577,0.6,MEMX,12545
TLRY,20250717 04:49:43.677000,506556,615,6192,0.6,BATS,12545
TLRY,20250717 04:49:43.677000,506558,400,8792,0.6,EDGX,12545
TLRY,20250717 04:49:43.677000,506559,100,8892,0.6,EDGX,12545
TLRY,20250717 04:49:43.677000,506561,187,9179,0.6,EDGX,12545
TLRY,20250717 04:49:43.677000,506557,2200,8392,0.6,EDGX,12545
TLRY,20250717 04:50:15.810000,511177,13,9192,0.6,PACF,12545
TLRY,20250717 04:51:12.403000,518015,10,9202,0.6,PACF,12545
TLRY,20250717 04:56:52.272000,562588,7,9209,0.6,EDGX,12545
TLRY,20250717 04:58:21.454000,573928,57,9338,0.6,EDGX,12545
TLRY,20250717 04:58:21.454000,573927,71,9281,0.6,EDGX,12545
TLRY,20250717 04:58:21.454000,573926,1,9210,0.6,PACF,12545
TLRY,20250717 05:02:29.098000,607494,1,9339,0.6,EDGX,12545
TLRY,20250717 05:02:41.430000,609092,400,9739,0.6,EDGX,12545
TLRY,20250717 05:03:42.732000,616110,55,9794,0.6,EDGX,12545
TLRY,20250717 05:04:46.922000,623528,803,10597,0.6,PACF,12545
TLRY,20250717 05:06:30.228000,638407,5,10602,0.6,PACF,12545
TLRY,20250717 05:09:09.422000,655604,122,10724,0.6,PACF,12545
TLRY,20250717 05:09:20.438000,656787,2,10726,0.6,PACF,12545
TLRY,20250717 05:13:04.486000,680998,100,10826,0.6,PACF,12545
TLRY,20250717 05:13:13.217000,681848,769,11595,0.6,PACF,12545
TLRY,20250717 05:13:13.217000,681849,5,11600,0.6,PACF,12545
TLRY,20250717 05:25:50.912000,757754,448,12048,0.6,EDGX,12545
TLRY,20250717 05:25:56.656000,758399,521,12569,0.6,EDGX,12545
TLRY,20250717 05:26:37.169000,763126,120,12701,0.6,PACF,12545
TLRY,20250717 05:26:37.169000,763127,1,12702,0.6,PACF,12545
TLRY,20250717 05:26:37.169000,763125,12,12581,0.6,EDGX,12545
TLRY,20250717 05:27:39.030000,770247,311,13013,0.6,PACF,12545
TLRY,20250717 05:33:01.364000,805569,300,13313,0.6,MEMX,12545
TLRY,20250717 05:33:01.369000,805570,500,13813,0.6,PACF,12545
TLRY,20250717 05:33:01.375000,805573,92,13913,0.6,EDGX,12545
TLRY,20250717 05:33:01.375000,805571,5,13818,0.6,EDGX,12545
TLRY,20250717 05:33:01.375000,805572,3,13821,0.6,EDGX,12545
TLRY,20250717 05:33:01.382000,805574,62,13975,0.6,PACF,12545
TLRY,20250717 05:33:01.382000,805575,38,14013,0.6,PACF,12545
TLRY,20250717 05:41:59.521000,854529,1,14014,0.6,PACF,12545
TLRY,20250717 05:45:54.770000,874066,92,14106,0.6,PACF,12545
TLRY,20250717 05:47:57.357000,882845,425,14531,0.61,NQEX,12545
TLRY,20250717 05:48:01.788000,883172,300,14831,0.61,NQEX,12545
TLRY,20250717 05:54:31.939000,916070,198,15029,0.61,NQEX,12545
TLRY,20250717 05:58:18.679000,942902,1,15030,0.61,NQEX,12545
TLRY,20250717 06:01:53.849000,961986,1,15031,0.61,EDGX,12545
TLRY,20250717 06:02:26.993000,965714,5,15036,0.61,NQEX,12545
TLRY,20250717 06:12:02.726000,1025631,1,15037,0.61,EDGX,12545
TLRY,20250717 06:13:03.159000,1031859,112,15149,0.61,EDGX,12545
TLRY,20250717 06:14:33.682000,1039818,2,15151,0.61,EDGX,12545
TLRY,20250717 06:18:29.567000,1066404,500,15651,0.61,EDGX,12545
TLRY,20250717 06:27:11.722000,1153500,502,16454,0.61,EDGX,12545
TLRY,20250717 06:27:11.722000,1153499,300,15952,0.61,EDGX,12545
TLRY,20250717 06:27:11.722000,1153498,1,15652,0.61,PACF,12545
TLRY,20250717 06:42:38.372000,1264494,2,16456,0.61,EDGX,12545
TLRY,20250717 06:47:41.999000,1309012,344,17100,0.61,EDGX,12545
TLRY,20250717 06:47:41.999000,1309011,300,16756,0.61,EDGX,12545
TLRY,20250717 06:48:14.484000,1314026,1,17101,0.61,MEMX,12545
TLRY,20250717 06:53:30.483000,1353882,5,17106,0.61,EDGX,12545
TLRY,20250717 06:59:18.152000,1403987,3,17109,0.61,PACF,12545
TLRY,20250717 06:59:18.152000,1403988,27,17136,0.61,EDGX,12545
TLRY,20250717 07:00:00.019000,1409448,1,17137,0.61,EDGX,12545
TLRY,20250717 07:00:00.027000,1409613,1,17138,0.61,EDGX,12545
TLRY,20250717 07:00:00.030000,1409678,1,17139,0.61,EDGX,12545
TLRY,20250717 07:00:00.074000,1411066,192,17331,0.61,PACF,12545
TLRY,20250717 07:00:00.074000,1411067,2200,19531,0.61,PACF,12545
TLRY,20250717 07:00:00.074000,1411068,5,19536,0.61,PACF,12545
TLRY,20250717 07:00:00.197000,1416475,5,19541,0.61,PACF,12545
TLRY,20250717 07:00:00.199000,1416558,1,19542,0.61,EDGX,12545
TLRY,20250717 07:00:00.213000,1417101,1,19544,0.61,EDGX,12545
TLRY,20250717 07:00:00.213000,1417102,1,19545,0.61,EDGX,12545
TLRY,20250717 07:00:00.213000,1417103,1,19546,0.61,EDGX,12545
TLRY,20250717 07:00:00.213000,1417100,1,19543,0.61,EDGX,12545
TLRY,20250717 07:00:00.219000,1417249,50,19596,0.61,EDGX,12545
TLRY,20250717 07:00:00.264000,1417899,6,19602,0.61,PACF,12545
TLRY,20250717 07:00:00.269000,1417943,100,19702,0.61,PACF,12545
TLRY,20250717 07:01:54.606000,1463481,1,19703,0.61,MEMX,12545
TLRY,20250717 07:02:14.155000,1468842,1,19704,0.61,MEMX,12545
TLRY,20250717 07:02:24.283000,1470636,1,19705,0.61,MEMX,12545
TLRY,20250717 07:02:34.413000,1473052,1,19706,0.61,MEMX,12545
TLRY,20250717 07:02:54.061000,1476879,1,19707,0.61,MEMX,12545
TLRY,20250717 07:03:03.166000,1478631,1,19708,0.61,MEMX,12545
TLRY,20250717 07:03:12.256000,1480157,1,19709,0.61,MEMX,12545
TLRY,20250717 07:03:39.921000,1487001,1,19710,0.61,MEMX,12545
TLRY,20250717 07:03:49.376000,1489262,1,19711,0.61,MEMX,12545
TLRY,20250717 07:03:59.110000,1491680,1,19712,0.61,MEMX,12545
TLRY,20250717 07:04:05.286000,1493313,1,19713,0.61,MEMX,12545
TLRY,20250717 07:04:08.071000,1494373,1,19714,0.61,MEMX,12545
TLRY,20250717 07:04:27.290000,1500540,1,19715,0.61,MEMX,12545
TLRY,20250717 07:04:36.338000,1503362,1,19716,0.61,MEMX,12545
TLRY,20250717 07:04:45.691000,1506153,1,19717,0.61,MEMX,12545
TLRY,20250717 07:05:04.954000,1510712,1,19718,0.61,MEMX,12545
TLRY,20250717 07:05:13.753000,1512954,1,19719,0.61,MEMX,12545
TLRY,20250717 07:05:37.829000,1518598,1,19720,0.61,MEMX,12545
TLRY,20250717 07:05:49.513000,1521856,1,19721,0.61,MEMX,12545
TLRY,20250717 07:06:12.178000,1527898,1,19722,0.61,MEMX,12545
TLRY,20250717 07:06:40.082000,1533215,1,19723,0.61,MEMX,12545
TLRY,20250717 07:06:49.365000,1535167,1,19724,0.61,MEMX,12545
TLRY,20250717 07:06:59.404000,1537483,1,19725,0.61,MEMX,12545
TLRY,20250717 07:07:08.910000,1539485,1,19726,0.61,MEMX,12545
TLRY,20250717 07:07:22.174000,1542700,1,19727,0.61,MEMX,12545
TLRY,20250717 07:09:24.504000,1580586,1,19728,0.61,MEMX,12545
TLRY,20250717 07:09:58.381000,1588719,1,19729,0.61,MEMX,12545
TLRY,20250717 07:10:25.729000,1595862,1,19730,0.61,MEMX,12545
TLRY,20250717 07:10:34.948000,1597591,1,19731,0.61,MEMX,12545
TLRY,20250717 07:10:45.777000,1599246,1,19732,0.61,MEMX,12545
TLRY,20250717 07:10:54.653000,1600754,1,19733,0.61,MEMX,12545
TLRY,20250717 07:10:58.886000,1601520,500,20233,0.61,MEMX,12545
TLRY,20250717 07:12:34.120000,1619542,100,25149,0.61,MEMX,12545
TLRY,20250717 07:12:34.120000,1619541,1163,25049,0.61,EDGX,12545
TLRY,20250717 07:12:34.120000,1619543,500,25649,0.61,MEMX,12545
TLRY,20250717 07:12:34.120000,1619544,13,25662,0.61,EDGX,12545
TLRY,20250717 07:12:34.120000,1619545,2200,27862,0.61,NQEX,12545
TLRY,20250717 07:12:34.120000,1619536,500,20733,0.61,MEMX,12545
TLRY,20250717 07:12:34.120000,1619537,500,21233,0.61,MEMX,12545
TLRY,20250717 07:12:34.120000,1619538,1616,22849,0.61,EDGX,12545
TLRY,20250717 07:12:34.120000,1619546,9071,36933,0.61,NQEX,12545
TLRY,20250717 07:12:34.120000,1619539,584,23433,0.61,EDGX,12545
TLRY,20250717 07:12:34.120000,1619540,453,23886,0.61,EDGX,12545
TLRY,20250717 07:12:34.120000,1619548,71,37733,0.61,NQEX,12545
TLRY,20250717 07:12:34.120000,1619547,729,37662,0.61,NQEX,12545
TLRY,20250717 07:12:34.121000,1619556,222,40197,0.6,EDGX,12545
TLRY,20250717 07:12:34.121000,1619550,1,37735,0.61,PACF,12545
TLRY,20250717 07:12:34.121000,1619552,10,37755,0.61,PACF,12545
TLRY,20250717 07:12:34.121000,1619553,10,37765,0.61,PACF,12545
TLRY,20250717 07:12:34.121000,1619554,10,37775,0.61,PACF,12545
TLRY,20250717 07:12:34.121000,1619551,10,37745,0.61,PACF,12545
TLRY,20250717 07:12:34.121000,1619555,2200,39975,0.61,NQEX,12545
TLRY,20250717 07:12:34.121000,1619549,1,37734,0.61,PACF,12545
TLRY,20250717 07:12:34.122000,1619558,1,40698,0.6,EDGX,12545
TLRY,20250717 07:12:34.122000,1619557,500,40697,0.6,PACF,12545
TLRY,20250717 07:12:34.122000,1619560,108,40807,0.6,PACF,12545
TLRY,20250717 07:12:34.122000,1619561,1500,42307,0.6,EDGX,12545
TLRY,20250717 07:12:34.122000,1619562,222,42529,0.6,EDGX,12545
TLRY,20250717 07:12:34.122000,1619559,1,40699,0.6,EDGX,12545
TLRY,20250717 07:12:34.123000,1619563,70,42599,0.6,PACF,12545
TLRY,20250717 07:12:34.123000,1619564,200,42799,0.6,PACF,12545
TLRY,20250717 07:12:34.124000,1619566,370,43199,0.6,PACF,12545
TLRY,20250717 07:12:34.124000,1619567,800,43999,0.6,PACF,12545
TLRY,20250717 07:12:34.124000,1619565,30,42829,0.6,PACF,12545
TLRY,20250717 07:12:34.125000,1619568,1400,45399,0.6,PACF,12545
TLRY,20250717 07:12:34.125000,1619569,70,45469,0.6,PACF,12545
TLRY,20250717 07:12:34.125000,1619570,100,45569,0.6,EDGX,12545
TLRY,20250717 07:12:34.125000,1619571,100,45669,0.6,EDGX,12545
TLRY,20250717 07:12:34.126000,1619572,50,45719,0.6,PACF,12545
TLRY,20250717 07:12:34.263000,1619582,13,45732,0.6,PACF,12545
TLRY,20250717 07:12:34.295000,1619587,13,45771,0.61,PACF,12545
TLRY,20250717 07:12:34.295000,1619595,33,45922,0.61,PACF,12545
TLRY,20250717 07:12:34.295000,1619594,1,45889,0.61,PACF,12545
TLRY,20250717 07:12:34.295000,1619593,1,45888,0.61,PACF,12545
TLRY,20250717 07:12:34.295000,1619592,1,45887,0.61,PACF,12545
TLRY,20250717 07:12:34.295000,1619591,1,45886,0.61,PACF,12545
TLRY,20250717 07:12:34.295000,1619590,1,45885,0.61,PACF,12545
TLRY,20250717 07:12:34.295000,1619586,13,45758,0.6,PACF,12545
TLRY,20250717 07:12:34.295000,1619589,100,45884,0.61,PACF,12545
TLRY,20250717 07:12:34.295000,1619588,13,45784,0.61,PACF,12545
TLRY,20250717 07:12:34.295000,1619585,13,45745,0.6,PACF,12545
TLRY,20250717 07:12:34.361000,1619613,18,45940,0.61,PACF,12545
TLRY,20250717 07:13:37.290000,1631702,1,45941,0.61,MEMX,12545
TLRY,20250717 07:14:07.682000,1639211,1,45942,0.61,MEMX,12545
TLRY,20250717 07:14:22.905000,1643206,1,45943,0.61,PACF,12545
TLRY,20250717 07:14:38.711000,1646515,1,45944,0.61,MEMX,12545
TLRY,20250717 07:15:01.425000,1650975,1,45945,0.61,MEMX,12545
TLRY,20250717 07:15:11.959000,1652980,1,45946,0.61,PACF,12545
TLRY,20250717 07:15:42.103000,1658009,1,45947,0.61,MEMX,12545
TLRY,20250717 07:15:56.583000,1659525,1,45948,0.61,PACF,12545
TLRY,20250717 07:16:21.064000,1663096,1,45949,0.61,MEMX,12545
TLRY,20250717 07:16:37.396000,1665530,1,45950,0.61,PACF,12545
TLRY,20250717 07:17:02.543000,1669280,1,48154,0.61,EDGX,12545
TLRY,20250717 07:17:02.543000,1669278,3,45953,0.61,MEMX,12545
TLRY,20250717 07:17:02.543000,1669281,1,48155,0.61,EDGX,12545
TLRY,20250717 07:17:02.543000,1669279,2200,48153,0.61,EDGX,12545
TLRY,20250717 07:17:02.544000,1669285,1,50353,0.61,MEMX,12545
TLRY,20250717 07:17:02.544000,1669283,1,50351,0.61,MEMX,12545
TLRY,20250717 07:17:02.544000,1669282,2195,50350,0.61,MEMX,12545
TLRY,20250717 07:17:02.544000,1669284,1,50352,0.61,MEMX,12545
TLRY,20250717 07:17:02.545000,1669287,267,51216,0.61,PACF,12545
TLRY,20250717 07:17:02.545000,1669286,596,50949,0.61,PACF,12545
TLRY,20250717 07:18:13.483000,1678948,2000,53216,0.61,PACF,12545
TLRY,20250717 07:20:08.467000,1694297,1,53217,0.61,PACF,12545
TLRY,20250717 07:21:18.294000,1703150,56,53506,0.61,PACF,12545
TLRY,20250717 07:21:18.294000,1703149,233,53450,0.61,PACF,12545
TLRY,20250717 07:21:18.295000,1703164,500,54135,0.6,MEMX,12545
TLRY,20250717 07:21:18.295000,1703163,10,53635,0.61,EDGX,12545
TLRY,20250717 07:21:18.295000,1703161,1,53525,0.61,PACF,12545
TLRY,20250717 07:21:18.295000,1703160,1,53524,0.61,PACF,12545
TLRY,20250717 07:21:18.295000,1703159,1,53523,0.61,PACF,12545
TLRY,20250717 07:21:18.295000,1703158,1,53522,0.61,PACF,12545
TLRY,20250717 07:21:18.295000,1703162,100,53625,0.61,EDGX,12545
TLRY,20250717 07:21:18.295000,1703157,1,53521,0.61,PACF,12545
TLRY,20250717 07:21:18.295000,1703151,9,53515,0.61,PACF,12545
TLRY,20250717 07:21:18.295000,1703152,1,53516,0.61,MEMX,12545
TLRY,20250717 07:21:18.295000,1703153,1,53517,0.61,MEMX,12545
TLRY,20250717 07:21:18.295000,1703154,1,53518,0.61,EDGX,12545
TLRY,20250717 07:21:18.295000,1703155,1,53519,0.61,EDGX,12545
TLRY,20250717 07:21:18.295000,1703156,1,53520,0.61,EDGX,12545
TLRY,20250717 07:21:18.296000,1703167,1,55136,0.6,NQEX,12545
TLRY,20250717 07:21:18.296000,1703168,100,55236,0.6,NQEX,12545
TLRY,20250717 07:21:18.296000,1703165,500,54635,0.6,MEMX,12545
TLRY,20250717 07:21:18.296000,1703166,500,55135,0.6,EDGX,12545
TLRY,20250717 07:21:18.297000,1703169,200,55436,0.6,NQEX,12545
TLRY,20250717 07:21:18.297000,1703170,400,55836,0.6,NQEX,12545
TLRY,20250717 07:21:18.298000,1703171,800,56636,0.6,NQEX,12545
TLRY,20250717 07:21:18.298000,1703172,800,57436,0.6,NQEX,12545
TLRY,20250717 07:21:18.298000,1703173,1,57437,0.6,NQEX,12545
TLRY,20250717 07:21:18.299000,1703174,100,57537,0.6,PACF,12545
TLRY,20250717 07:21:18.300000,1703175,200,57737,0.6,PACF,12545
TLRY,20250717 07:21:18.300000,1703176,300,58037,0.6,PACF,12545
TLRY,20250717 07:21:18.300000,1703177,100,58137,0.6,PACF,12545
TLRY,20250717 07:21:18.301000,1703178,800,58937,0.6,PACF,12545
TLRY,20250717 07:21:18.301000,1703179,1600,60537,0.6,PACF,12545
TLRY,20250717 07:21:18.302000,1703185,100,61937,0.6,MIAX,12545
TLRY,20250717 07:21:18.302000,1703184,100,61837,0.6,EDGX,12545
TLRY,20250717 07:21:18.302000,1703183,400,61737,0.6,EDGX,12545
TLRY,20250717 07:21:18.302000,1703181,100,61237,0.6,PACF,12545
TLRY,20250717 07:21:18.302000,1703180,600,61137,0.6,PACF,12545
TLRY,20250717 07:21:18.302000,1703182,100,61337,0.6,EDGX,12545
TLRY,20250717 07:21:18.303000,1703186,100,62037,0.6,PACF,12545
TLRY,20250717 07:21:18.303000,1703187,300,62337,0.6,PACF,12545
TLRY,20250717 07:21:18.303000,1703188,872,63209,0.6,PACF,12545
TLRY,20250717 07:21:18.303000,1703189,8,63217,0.6,EDGX,12545
TLRY,20250717 07:21:18.475000,1703197,36,63253,0.6,PACF,12545
TLRY,20250717 07:21:18.475000,1703198,8,63261,0.6,PACF,12545
TLRY,20250717 07:21:18.541000,1703233,1,63271,0.61,PACF,12545
TLRY,20250717 07:21:18.541000,1703232,1,63270,0.61,PACF,12545
TLRY,20250717 07:21:18.541000,1703231,1,63269,0.61,PACF,12545
TLRY,20250717 07:21:18.541000,1703230,5,63268,0.61,PACF,12545
TLRY,20250717 07:21:18.541000,1703229,1,63263,0.61,PACF,12545
TLRY,20250717 07:21:18.541000,1703228,1,63262,0.61,EDGX,12545
TLRY,20250717 07:24:01.325000,1725490,13,63284,0.6,PACF,12545
TLRY,20250717 07:24:01.325000,1725491,44,63328,0.6,PACF,12545
TLRY,20250717 07:26:17.143000,1751662,1,63329,0.6,MEMX,12545
TLRY,20250717 07:27:06.907000,1757788,1,63330,0.6,MEMX,12545
TLRY,20250717 07:27:23.562000,1760017,1,63331,0.6,MEMX,12545
TLRY,20250717 07:27:40.104000,1761932,1,63332,0.6,MEMX,12545
TLRY,20250717 07:28:14.069000,1767107,1,63333,0.6,MEMX,12545
TLRY,20250717 07:28:58.624000,1773529,1,63334,0.6,MEMX,12545
TLRY,20250717 07:29:37.830000,1778234,10,63344,0.6,PACF,12545
TLRY,20250717 07:29:57.969000,1780442,1,63345,0.6,MEMX,12545
TLRY,20250717 07:30:13.279000,1782255,1,63346,0.6,MEMX,12545
TLRY,20250717 07:31:01.659000,1789401,75,63421,0.6,MEMX,12545
TLRY,20250717 07:31:05.445000,1789766,1,63422,0.6,MEMX,12545
TLRY,20250717 07:31:36.282000,1795275,1,63423,0.6,MEMX,12545
TLRY,20250717 07:31:50.929000,1798094,1,63424,0.6,MEMX,12545
TLRY,20250717 07:32:06.463000,1801152,1,63425,0.6,MEMX,12545
TLRY,20250717 07:32:22.911000,1804212,1,63426,0.6,MEMX,12545
TLRY,20250717 07:34:57.464000,1833899,10,63436,0.6,NQEX,12545
TLRY,20250717 07:34:57.465000,1833900,200,63636,0.6,EDGX,12545
TLRY,20250717 07:34:57.466000,1833901,790,64426,0.6,EDGX,12545
TLRY,20250717 07:36:02.453000,1848116,1500,65926,0.6,MEMX,12545
TLRY,20250717 07:36:54.608000,1859633,190,66116,0.6,EDGX,12545
TLRY,20250717 07:38:21.546000,1876399,6,66122,0.6,PACF,12545
TLRY,20250717 07:44:12.714000,1937263,10,66132,0.6,EDGX,12545
TLRY,20250717 07:44:12.716000,1937265,790,67122,0.6,PACF,12545
TLRY,20250717 07:44:12.716000,1937264,200,66332,0.6,PACF,12545
TLRY,20250717 07:45:05.261000,1945971,1,67123,0.6,PACF,12545
TLRY,20250717 07:45:22.434000,1949481,1,67124,0.6,PACF,12545
TLRY,20250717 07:45:41.475000,1952437,1,67125,0.6,PACF,12545
TLRY,20250717 07:47:02.512000,1964518,1,67126,0.6,PACF,12545
TLRY,20250717 07:49:03.179000,1979162,50,67176,0.6,PACF,12545
TLRY,20250717 07:50:05.469000,1986222,243,67419,0.6,MEMX,12545
TLRY,20250717 07:51:05.632000,1992809,1000,68419,0.6,MEMX,12545
TLRY,20250717 07:53:59.321000,2014474,10,68429,0.6,PACF,12545
TLRY,20250717 07:53:59.321000,2014475,540,68969,0.6,NQEX,12545
TLRY,20250717 07:59:25.968000,2058652,1000,71349,0.6,MEMX,12545
TLRY,20250717 07:59:25.968000,2058655,2,71390,0.6,PACF,12545
TLRY,20250717 07:59:25.968000,2058653,4,71353,0.6,EDGX,12545
TLRY,20250717 07:59:25.968000,2058650,360,69329,0.6,NQEX,12545
TLRY,20250717 07:59:25.968000,2058651,1020,70349,0.6,NQEX,12545
TLRY,20250717 07:59:25.968000,2058654,35,71388,0.6,PACF,12545
TLRY,20250717 07:59:51.108000,2062774,250,71640,0.6,EDGX,12545
TLRY,20250717 08:00:00.034000,2065196,343,71983,0.61,NQNX,12545
TLRY,20250717 08:00:00.035000,2065229,500,72483,0.61,NQNX,12545
TLRY,20250717 08:00:00.081000,2067977,30,72513,0.61,NQNX,12545
TLRY,20250717 08:00:00.112000,2070785,2000,74513,0.61,NQNX,12545
TLRY,20250717 08:00:00.142000,2073645,156,74669,0.61,NQNX,12545
TLRY,20250717 08:00:00.151000,2074560,500,75169,0.61,NQNX,12545
TLRY,20250717 08:00:00.153000,2074742,299,75468,0.61,NQNX,12545
TLRY,20250717 08:00:00.158000,2075151,1162,76722,0.61,NQNX,12545
TLRY,20250717 08:00:00.158000,2075190,31,76753,0.61,NQNX,12545
TLRY,20250717 08:00:00.158000,2075117,91,75560,0.61,NQNX,12545
TLRY,20250717 08:00:00.158000,2075110,1,75469,0.61,NQNX,12545
TLRY,20250717 08:00:00.171000,2076366,467,77253,0.61,NQNX,12545
TLRY,20250717 08:00:00.171000,2076372,33,77286,0.61,NQNX,12545
TLRY,20250717 08:00:00.171000,2076361,33,76786,0.61,NQNX,12545
TLRY,20250717 08:00:00.180000,2077178,16,77302,0.61,NQNX,12545
TLRY,20250717 08:00:00.185000,2077635,3697,80999,0.61,NQNX,12545
TLRY,20250717 08:00:00.191000,2078160,500,81499,0.61,NQNX,12545
TLRY,20250717 08:00:00.211000,2080101,500,81999,0.6,NQNX,12545
TLRY,20250717 08:00:00.219000,2080810,100,82099,0.6,NQNX,12545
TLRY,20250717 08:00:00.220000,2080859,1000,83099,0.6,NQNX,12545
TLRY,20250717 08:00:00.224000,2081267,1,83100,0.6,NQNX,12545
TLRY,20250717 08:00:00.230000,2081786,1,83101,0.6,NQNX,12545
TLRY,20250717 08:00:00.232000,2081987,1,83102,0.6,NQNX,12545
TLRY,20250717 08:00:00.234000,2082166,1,83103,0.6,NQNX,12545
TLRY,20250717 08:00:00.234000,2082168,1,83104,0.6,NQNX,12545
TLRY,20250717 08:00:00.235000,2082313,1,83105,0.6,NQNX,12545
TLRY,20250717 08:00:00.260000,2084660,160,83265,0.61,NQNX,12545
TLRY,20250717 08:00:00.309000,2088992,30,83295,0.61,NQNX,12545
TLRY,20250717 08:00:00.311000,2089159,3500,86795,0.6,NQNX,12545
TLRY,20250717 08:00:00.312000,2089284,5000,91795,0.6,NQNX,12545
TLRY,20250717 08:00:00.316000,2089627,1,91796,0.6,NQNX,12545
TLRY,20250717 08:00:00.317000,2089723,1,91797,0.6,NQNX,12545
TLRY,20250717 08:00:00.318000,2089768,1,91798,0.6,NQNX,12545
TLRY,20250717 08:00:00.318000,2089832,1,91799,0.6,NQNX,12545
TLRY,20250717 08:00:00.321000,2090080,1,91800,0.6,NQNX,12545
TLRY,20250717 08:00:00.322000,2090175,1,91801,0.6,NQNX,12545
TLRY,20250717 08:00:00.327000,2090606,1,91802,0.6,NQNX,12545
TLRY,20250717 08:00:00.329000,2090834,2000,93802,0.6,NQNX,12545
TLRY,20250717 08:00:00.330000,2090865,275,94077,0.6,NQNX,12545
TLRY,20250717 08:00:00.378000,2092697,1,94078,0.61,NQNX,12545
TLRY,20250717 08:00:00.385000,2092915,1,94079,0.61,NQNX,12545
TLRY,20250717 08:00:00.413000,2093961,3125,97204,0.61,NQNX,12545
TLRY,20250717 08:00:00.422000,2094398,1,97205,0.61,NQNX,12545
TLRY,20250717 08:00:00.430000,2094687,1,97206,0.61,NQNX,12545
TLRY,20250717 08:00:00.450000,2095442,1,97207,0.61,NQNX,12545
TLRY,20250717 08:00:00.452000,2095552,170,97377,0.61,NQNX,12545
TLRY,20250717 08:00:00.473000,2096492,1,97378,0.61,NQNX,12545
TLRY,20250717 08:00:00.512000,2098095,1,97379,0.61,NQNX,12545
TLRY,20250717 08:00:00.518000,2098303,1,97380,0.61,NQNX,12545
TLRY,20250717 08:00:00.531000,2098946,1,97381,0.61,NQNX,12545
TLRY,20250717 08:00:00.547000,2099576,1,97382,0.6,NQNX,12545
TLRY,20250717 08:00:00.555000,2099854,45,97427,0.61,NQNX,12545
TLRY,20250717 08:00:00.587000,2101180,1,97428,0.6,NQNX,12545
TLRY,20250717 08:00:00.617000,2102367,300,97728,0.61,NQNX,12545
TLRY,20250717 08:00:00.638000,2103255,20,97748,0.61,NQNX,12545
TLRY,20250717 08:00:00.643000,2103499,1,97749,0.61,NQNX,12545
TLRY,20250717 08:00:00.645000,2103594,1,97750,0.6,NQNX,12545
TLRY,20250717 08:00:00.658000,2104102,1,97751,0.61,NQNX,12545
TLRY,20250717 08:00:00.680000,2105103,1936,99687,0.61,NQNX,12545
TLRY,20250717 08:00:00.699000,2105894,1,99688,0.6,NQNX,12545
TLRY,20250717 08:00:00.726000,2107075,3514,103202,0.6,NQNX,12545
TLRY,20250717 08:00:00.765000,2108680,28,103230,0.61,NQNX,12545
TLRY,20250717 08:00:00.805000,2109983,1600,104830,0.61,NQNX,12545
TLRY,20250717 08:00:00.864000,2112522,1,104831,0.61,NQNX,12545
TLRY,20250717 08:00:00.906000,2114558,1,104832,0.6,NQNX,12545
TLRY,20250717 08:00:00.938000,2116053,1,104833,0.61,NQNX,12545
TLRY,20250717 08:00:00.992000,2118583,1,104834,0.61,NQNX,12545
TLRY,20250717 08:00:01.102000,2124000,1,104835,0.6,NQNX,12545
TLRY,20250717 08:00:01.104000,2124076,1,104836,0.6,NQNX,12545
TLRY,20250717 08:00:01.109000,2124380,1,104837,0.6,NQNX,12545
TLRY,20250717 08:00:01.112000,2124548,3,104840,0.62,NQNX,12545
TLRY,20250717 08:00:01.128000,2125320,30,104870,0.61,NQNX,12545
TLRY,20250717 08:00:01.131000,2125556,1,104871,0.6,NQNX,12545
TLRY,20250717 08:00:01.155000,2126860,1,104872,0.6,NQNX,12545
TLRY,20250717 08:00:01.188000,2128627,1,104873,0.6,NQNX,12545
TLRY,20250717 08:00:01.192000,2128868,1,104874,0.61,NQNX,12545
TLRY,20250717 08:00:01.194000,2128986,1,104875,0.6,NQNX,12545
TLRY,20250717 08:00:01.199000,2129243,50,104925,0.6,NQNX,12545
TLRY,20250717 08:00:01.208000,2129807,140,105065,0.61,NTRF,12545
TLRY,20250717 08:00:01.211000,2129989,1,105066,0.6,NQNX,12545
TLRY,20250717 08:00:01.225000,2130612,56,105122,0.6,NQNX,12545
TLRY,20250717 08:00:01.229000,2130800,1757,106879,0.6,MEMX,12545
TLRY,20250717 08:00:01.237000,2131220,1,106880,0.61,NQNX,12545
TLRY,20250717 08:00:01.270000,2132845,2000,108880,0.61,NTRF,12545
TLRY,20250717 08:00:01.291000,2133777,1875,110755,0.61,NTRF,12545
TLRY,20250717 08:00:01.305000,2134539,5,110760,0.6,NQNX,12545
TLRY,20250717 08:00:01.318000,2135186,1,110761,0.61,NQNX,12545
TLRY,20250717 08:00:01.333000,2135792,190,110951,0.61,NTRF,12545
TLRY,20250717 08:00:01.334000,2135808,2500,113451,0.6,NQNX,12545
TLRY,20250717 08:00:01.344000,2136253,1,113452,0.6,NQNX,12545
TLRY,20250717 08:00:01.354000,2136823,3422,116874,0.6,NQNX,12545
TLRY,20250717 08:00:01.382000,2138279,1,116875,0.6,NQNX,12545
TLRY,20250717 08:00:01.404000,2139368,1,116876,0.6,NQNX,12545
TLRY,20250717 08:00:01.416000,2140011,16457,133333,0.6,NQNX,12545
TLRY,20250717 08:00:01.463000,2142370,100,133433,0.61,NTRF,12545
TLRY,20250717 08:00:01.495000,2143642,1,133434,0.61,NQNX,12545
TLRY,20250717 08:00:01.506000,2144077,100,133534,0.61,NTRF,12545
TLRY,20250717 08:00:01.527000,2145239,78,133612,0.6,NQNX,12545
TLRY,20250717 08:00:01.546000,2146298,200,133812,0.61,NTRF,12545
TLRY,20250717 08:00:01.554000,2146706,12,133825,0.61,NQNX,12545
TLRY,20250717 08:00:01.554000,2146686,1,133813,0.61,NQNX,12545
TLRY,20250717 08:00:01.559000,2146889,2100,135925,0.61,NTRF,12545
TLRY,20250717 08:00:01.573000,2147689,1000,136925,0.61,NQNX,12545
TLRY,20250717 08:00:01.610000,2149529,1,136926,0.61,NQNX,12545
TLRY,20250717 08:00:01.612000,2149667,1,136927,0.6,NQNX,12545
TLRY,20250717 08:00:01.620000,2149955,1,136928,0.6,NQNX,12545
TLRY,20250717 08:00:01.622000,2150106,10,136938,0.6,NQNX,12545
TLRY,20250717 08:00:01.625000,2150246,3,136941,0.6,NQNX,12545
TLRY,20250717 08:00:01.626000,2150297,1,136942,0.6,NTRF,12545
TLRY,20250717 08:00:01.631000,2150568,1,136943,0.6,NQNX,12545
TLRY,20250717 08:00:01.632000,2150627,10,136953,0.61,NQNX,12545
TLRY,20250717 08:00:01.644000,2151198,1,136954,0.6,NQNX,12545
TLRY,20250717 08:00:01.657000,2151902,4,136958,0.6,NQNX,12545
TLRY,20250717 08:00:01.666000,2152290,1,136959,0.61,NQNX,12545
TLRY,20250717 08:00:01.681000,2153094,225,137184,0.6,NQNX,12545
TLRY,20250717 08:00:01.703000,2154165,400,137584,0.61,NTRF,12545
TLRY,20250717 08:00:01.754000,2156691,1,137585,0.6,NQNX,12545
TLRY,20250717 08:00:01.791000,2158537,1,137586,0.6,NQNX,12545
TLRY,20250717 08:00:01.818000,2159693,1,137587,0.6,NQNX,12545
TLRY,20250717 08:00:01.831000,2160313,1,137588,0.6,NQNX,12545
TLRY,20250717 08:00:01.870000,2162328,100,137688,0.6,NQNX,12545
TLRY,20250717 08:00:01.901000,2163287,1,137689,0.61,NQNX,12545
TLRY,20250717 08:00:02.072000,2166766,1000,138689,0.61,NQNX,12545
TLRY,20250717 08:00:02.105000,2167400,250,138939,0.6,NTRF,12545
TLRY,20250717 08:00:02.121000,2167728,1,138940,0.61,NQNX,12545
TLRY,20250717 08:00:02.139000,2168082,4000,142940,0.61,NQNX,12545
TLRY,20250717 08:00:02.240000,2170502,1,142941,0.61,NQNX,12545
TLRY,20250717 08:00:02.298000,2172005,1,142942,0.6,NQNX,12545
TLRY,20250717 08:00:02.381000,2174122,1,142943,0.61,NQNX,12545
TLRY,20250717 08:00:02.413000,2174845,1,142944,0.6,NQNX,12545
TLRY,20250717 08:00:02.450000,2175526,500,143444,0.61,NQNX,12545
TLRY,20250717 08:00:02.451000,2175545,1,143445,0.61,NQNX,12545
TLRY,20250717 08:00:02.538000,2177359,100,143545,0.6,NQNX,12545
TLRY,20250717 08:00:02.623000,2179162,1,143546,0.6,NQNX,12545
TLRY,20250717 08:00:03.166000,2190716,1,143547,0.6,NQNX,12545
TLRY,20250717 08:00:03.169000,2190762,1,143548,0.6,NQNX,12545
TLRY,20250717 08:00:03.180000,2190993,1,143549,0.6,NQNX,12545
TLRY,20250717 08:00:03.246000,2192327,1872,145421,0.6,NQNX,12545
TLRY,20250717 08:00:03.251000,2192446,1,145422,0.6,NQNX,12545
TLRY,20250717 08:00:03.411000,2195184,1,145423,0.6,NQNX,12545
TLRY,20250717 08:00:03.444000,2195690,1,145424,0.6,NQNX,12545
TLRY,20250717 08:00:03.456000,2195873,1,145425,0.6,NQNX,12545
TLRY,20250717 08:00:03.501000,2196604,275,145700,0.6,NQNX,12545
TLRY,20250717 08:00:03.866000,2201487,1,145701,0.6,NQNX,12545
TLRY,20250717 08:00:03.886000,2201737,300,146001,0.6,NQNX,12545
TLRY,20250717 08:00:04.663000,2210620,1,146002,0.61,NQNX,12545
TLRY,20250717 08:00:04.853000,2212848,400,146402,0.61,NTRF,12545
TLRY,20250717 08:00:04.902000,2213386,200,146602,0.61,NQNX,12545
TLRY,20250717 08:00:04.996000,2214521,4980,151582,0.61,NQNX,12545
TLRY,20250717 08:00:05.045000,2215658,15,151597,0.61,NQNX,12545
TLRY,20250717 08:00:05.077000,2216811,3,151600,0.61,NQNX,12545
TLRY,20250717 08:00:05.106000,2217907,10000,161600,0.6,NQNX,12545
TLRY,20250717 08:00:05.121000,2218361,1000,162600,0.61,NQNX,12545
TLRY,20250717 08:00:05.123000,2218403,12,162612,0.61,NQNX,12545
TLRY,20250717 08:00:05.145000,2218905,1,162613,0.6,NQNX,12545
TLRY,20250717 08:00:05.148000,2218954,87,162700,0.61,NQNX,12545
TLRY,20250717 08:00:05.210000,2220315,1,162701,0.6,NQNX,12545
TLRY,20250717 08:00:05.211000,2220389,14,162715,0.6,NQNX,12545
TLRY,20250717 08:00:05.232000,2220856,200,162915,0.61,NQNX,12545
TLRY,20250717 08:00:05.282000,2221878,4,162919,0.6,NQNX,12545
TLRY,20250717 08:00:05.285000,2221932,120,163039,0.61,NTRF,12545
TLRY,20250717 08:00:05.289000,2221993,40,163079,0.61,NQNX,12545
TLRY,20250717 08:00:05.313000,2222445,100,163179,0.6,NQNX,12545
TLRY,20250717 08:00:05.332000,2222760,357,163536,0.61,NQNX,12545
TLRY,20250717 08:00:05.440000,2224977,50,163586,0.61,NQNX,12545
TLRY,20250717 08:00:05.447000,2225136,20,163606,0.61,NQNX,12545
TLRY,20250717 08:00:05.450000,2225224,55,163661,0.61,NQNX,12545
TLRY,20250717 08:00:05.483000,2226031,1000,164661,0.6,NQNX,12545
TLRY,20250717 08:00:05.604000,2229156,80,164741,0.61,NQNX,12545
TLRY,20250717 08:00:05.686000,2231159,15,164756,0.61,NQNX,12545
TLRY,20250717 08:00:05.697000,2231402,20,164776,0.61,NQNX,12545
TLRY,20250717 08:00:05.770000,2233127,5,164781,0.61,NQNX,12545
TLRY,20250717 08:00:05.799000,2233709,101,164882,0.61,NQNX,12545
TLRY,20250717 08:00:05.836000,2234599,50,164932,0.61,NQNX,12545
TLRY,20250717 08:00:05.847000,2234887,350,165282,0.61,NQNX,12545
TLRY,20250717 08:00:05.883000,2235875,52,165334,0.61,NQNX,12545
TLRY,20250717 08:00:05.914000,2236712,25,165359,0.61,NQNX,12545
TLRY,20250717 08:00:05.917000,2236764,50,165409,0.61,NQNX,12545
TLRY,20250717 08:00:06.004000,2238910,1,165410,0.61,NQNX,12545
TLRY,20250717 08:00:06.037000,2239681,13,165423,0.61,NQNX,12545
TLRY,20250717 08:00:06.171000,2242953,387,165810,0.61,NQNX,12545
TLRY,20250717 08:00:06.186000,2243299,500,166310,0.61,NQNX,12545
TLRY,20250717 08:00:06.224000,2244272,2,166312,0.61,NQNX,12545
TLRY,20250717 08:00:06.400000,2248836,100,166412,0.61,NQNX,12545
TLRY,20250717 08:00:06.404000,2248929,500,166912,0.6,NQNX,12545
TLRY,20250717 08:00:06.435000,2249748,25,166937,0.61,NQNX,12545
TLRY,20250717 08:00:06.468000,2250584,7500,174437,0.61,NQNX,12545
TLRY,20250717 08:00:06.576000,2253133,1000,175437,0.61,NQNX,12545
TLRY,20250717 08:00:06.606000,2253962,4,175441,0.61,NQNX,12545
TLRY,20250717 08:00:06.614000,2254192,8,175449,0.6,NQNX,12545
TLRY,20250717 08:00:06.626000,2254489,900,176349,0.61,NQNX,12545
TLRY,20250717 08:00:06.642000,2254956,2,176351,0.61,NQNX,12545
TLRY,20250717 08:00:06.675000,2255764,10,176361,0.61,NQNX,12545
TLRY,20250717 08:00:06.714000,2256695,13,176374,0.6,NQNX,12545
TLRY,20250717 08:00:06.727000,2257009,1,176375,0.6,NQNX,12545
TLRY,20250717 08:00:06.730000,2257102,2,176377,0.61,NQNX,12545
TLRY,20250717 08:00:06.780000,2258318,350,176727,0.61,NQNX,12545
TLRY,20250717 08:00:11.748000,2334491,1,176728,0.6,PACF,12545
TLRY,20250717 08:00:11.751000,2334557,26,176754,0.6,PACF,12545
TLRY,20250717 08:00:11.751000,2334558,7,176761,0.6,PACF,12545
TLRY,20250717 08:00:11.751000,2334559,17,176778,0.6,PACF,12545
TLRY,20250717 08:00:11.751000,2334560,1,176779,0.6,PACF,12545
TLRY,20250717 08:00:11.754000,2334580,1040,177819,0.6,NQEX,12545
TLRY,20250717 08:00:11.754000,2334581,4,177823,0.6,NQEX,12545
TLRY,20250717 08:00:11.754000,2334582,1296,179119,0.6,MEMX,12545
TLRY,20250717 08:00:11.754000,2334583,4810,183929,0.6,EDGX,12545
TLRY,20250717 08:00:11.755000,2334584,1,183930,0.6,PACF,12545
TLRY,20250717 08:00:11.757000,2334593,376,184306,0.6,MEMX,12545
TLRY,20250717 08:00:21.679000,2413782,593,184968,0.61,NQNX,12545
TLRY,20250717 08:00:22.510000,2417078,1,184969,0.61,NQNX,12545
TLRY,20250717 08:00:23.256000,2420679,1,184970,0.61,NQNX,12545
TLRY,20250717 08:00:23.457000,2421773,1,184971,0.61,NQNX,12545
TLRY,20250717 08:00:24.584000,2427057,1,184972,0.6,NQNX,12545
TLRY,20250717 08:00:24.693000,2427550,250,185222,0.6,NQNX,12545
TLRY,20250717 08:00:25.296000,2429723,1,185223,0.6,NQNX,12545
TLRY,20250717 08:00:25.398000,2430078,9183,194406,0.6,NQNX,12545
TLRY,20250717 08:00:26.273000,2433230,2,194408,0.61,NTRF,12545
TLRY,20250717 08:00:26.831000,2435149,100,194508,0.61,NTRF,12545
TLRY,20250717 08:00:26.900000,2435298,22,194530,0.61,NTRF,12545
TLRY,20250717 08:00:28.307000,2438909,100,194630,0.6,NQNX,12545
TLRY,20250717 08:00:43.611000,2459889,200,194830,0.61,NTRF,12545
TLRY,20250717 08:00:43.828000,2460148,400,195230,0.61,NTRF,12545
TLRY,20250717 08:00:43.871000,2460191,400,195630,0.61,NTRF,12545
TLRY,20250717 08:00:43.871000,2460192,50,195680,0.61,NTRF,12545
TLRY,20250717 08:00:55.605000,2467222,2000,197680,0.6,NTRF,12545
TLRY,20250717 08:01:11.614000,2475523,250,197930,0.6,NQNX,12545
TLRY,20250717 08:01:13.849000,2476954,10,197940,0.6,NQNX,12545
TLRY,20250717 08:01:36.584000,2485826,50,197990,0.61,BTRF,12545
TLRY,20250717 08:02:03.054000,2496135,4,197994,0.6,NQNX,12545
TLRY,20250717 08:02:09.738000,2498113,53,198047,0.6,NQNX,12545
TLRY,20250717 08:02:18.343000,2501342,1000,199047,0.6,NQNX,12545
TLRY,20250717 08:02:33.738000,2506725,3,199050,0.6,NQNX,12545
TLRY,20250717 08:02:40.600000,2509203,86,199136,0.6,NQNX,12545
TLRY,20250717 08:02:46.423000,2511123,100,199236,0.6,NTRF,12545
TLRY,20250717 08:03:29.528000,2523271,800,200036,0.6,NQNX,12545
TLRY,20250717 08:03:32.948000,2524037,29,200065,0.6,NQNX,12545
TLRY,20250717 08:03:38.427000,2525368,5,200070,0.6,NQNX,12545
TLRY,20250717 08:03:41.554000,2526168,50,200120,0.6,NQNX,12545
TLRY,20250717 08:03:42.327000,2526358,2,200122,0.6,NQNX,12545
TLRY,20250717 08:04:06.184000,2536702,1,200123,0.6,NQNX,12545
TLRY,20250717 08:04:46.688000,2549368,4,200127,0.6,NQNX,12545
TLRY,20250717 08:05:07.473000,2560605,10,200137,0.6,NQNX,12545
TLRY,20250717 08:05:18.709000,2565852,3,200140,0.6,NQNX,12545
TLRY,20250717 08:05:40.684000,2572339,4,200144,0.6,PACF,12545
TLRY,20250717 08:05:40.688000,2572340,16,200160,0.6,NQNX,12545
TLRY,20250717 08:05:41.153000,2572401,2500,202660,0.6,NTRF,12545
TLRY,20250717 08:07:18.333000,2600425,13,202673,0.6,NQNX,12545
TLRY,20250717 08:07:36.545000,2605317,9,202682,0.6,NQNX,12545
TLRY,20250717 08:08:53.303000,2632741,1659,204341,0.6,NQNX,12545
TLRY,20250717 08:09:18.969000,2642584,150,204491,0.6,NQNX,12545
TLRY,20250717 08:09:31.250000,2645624,20,204511,0.6,NQNX,12545
TLRY,20250717 08:09:33.040000,2645954,4,204515,0.6,NQNX,12545
TLRY,20250717 08:09:43.424000,2648334,2297,206812,0.6,NQNX,12545
TLRY,20250717 08:09:50.699000,2650192,32,206844,0.6,NQNX,12545
TLRY,20250717 08:09:57.725000,2651677,101,206945,0.6,NQNX,12545
TLRY,20250717 08:10:15.305000,2657030,5,206950,0.6,NQNX,12545
TLRY,20250717 08:11:01.658000,2669161,4,206954,0.6,NQNX,12545
TLRY,20250717 08:11:04.349000,2670239,100,207054,0.6,NTRF,12545
TLRY,20250717 08:11:11.483000,2672052,31,207085,0.6,NQNX,12545
TLRY,20250717 08:11:56.964000,2684933,20,207105,0.6,NQNX,12545
TLRY,20250717 08:12:45.954000,2698959,2500,209605,0.6,NTRF,12545
TLRY,20250717 08:15:13.099000,2738732,7,209612,0.6,NQNX,12545
TLRY,20250717 08:15:13.111000,2738735,1,209613,0.6,NQNX,12545
TLRY,20250717 08:15:13.479000,2738764,15,209628,0.6,NQNX,12545
TLRY,20250717 08:15:49.874000,2748715,500,210128,0.6,NQNX,12545
TLRY,20250717 08:16:39.329000,2760843,1450,211578,0.6,MEMX,12545
TLRY,20250717 08:16:39.329000,2760844,578,212156,0.6,MEMX,12545
TLRY,20250717 08:17:08.479000,2766936,590,212746,0.6,NQNX,12545
TLRY,20250717 08:17:34.058000,2771532,1,212747,0.6,NQNX,12545
TLRY,20250717 08:17:34.059000,2771533,1,212748,0.6,NQNX,12545
TLRY,20250717 08:17:44.541000,2773547,10,212758,0.6,NQNX,12545
TLRY,20250717 08:17:59.585000,2776865,1,212759,0.6,NQNX,12545
TLRY,20250717 08:17:59.587000,2776869,1,212760,0.6,NQNX,12545
TLRY,20250717 08:18:19.882000,2783399,1,212761,0.6,NQNX,12545
TLRY,20250717 08:18:19.883000,2783400,1,212762,0.6,NQNX,12545
TLRY,20250717 08:18:34.111000,2787465,1,212763,0.6,NQNX,12545
TLRY,20250717 08:18:45.537000,2791797,1,212764,0.6,NQNX,12545
TLRY,20250717 08:18:49.146000,2793301,1,212765,0.6,NQNX,12545
TLRY,20250717 08:19:01.326000,2799806,2,212767,0.6,NQNX,12545
TLRY,20250717 08:19:06.010000,2802336,1,212768,0.6,NQNX,12545
TLRY,20250717 08:19:06.011000,2802338,1,212769,0.6,NQNX,12545
TLRY,20250717 08:19:11.904000,2805358,9,212778,0.6,NQNX,12545
TLRY,20250717 08:19:18.573000,2807997,5,212783,0.6,NQNX,12545
TLRY,20250717 08:19:23.909000,2810801,1,212784,0.6,NQNX,12545
TLRY,20250717 08:19:38.990000,2816269,1,212785,0.6,NQNX,12545
TLRY,20250717 08:19:54.161000,2821136,1,212786,0.6,NQNX,12545
TLRY,20250717 08:20:08.661000,2826579,1,212787,0.6,NQNX,12545
TLRY,20250717 08:20:14.159000,2828778,750,213537,0.6,MEMX,12545
TLRY,20250717 08:20:14.160000,2828779,3296,216833,0.6,NQNX,12545
TLRY,20250717 08:20:49.950000,2837829,1,216834,0.6,PACF,12545
TLRY,20250717 08:21:06.767000,2843623,1,216835,0.6,PACF,12545
TLRY,20250717 08:21:21.534000,2847360,1,216836,0.6,PACF,12545
TLRY,20250717 08:21:36.736000,2852197,1,216837,0.6,PACF,12545
TLRY,20250717 08:21:50.449000,2856242,808,217645,0.6,NTRF,12545
TLRY,20250717 08:21:51.708000,2856567,100,217746,0.6,NQNX,12545
TLRY,20250717 08:21:51.708000,2856566,1,217646,0.6,PACF,12545
TLRY,20250717 08:22:06.435000,2862872,1,217747,0.6,PACF,12545
TLRY,20250717 08:22:12.555000,2865015,100,217847,0.6,NTRF,12545
TLRY,20250717 08:22:21.906000,2868221,1,217848,0.6,PACF,12545
TLRY,20250717 08:22:37.527000,2872351,1,217849,0.6,PACF,12545
TLRY,20250717 08:22:43.002000,2873829,21,217870,0.6,PACF,12545
TLRY,20250717 08:22:43.002000,2873830,30,217900,0.6,PACF,12545
TLRY,20250717 08:22:49.244000,2875104,12,217912,0.6,NQNX,12545
TLRY,20250717 08:23:00.240000,2878301,120,218032,0.6,NTRF,12545
TLRY,20250717 08:23:16.270000,2882692,800,218832,0.6,NQNX,12545
TLRY,20250717 08:23:27.890000,2886143,10,218842,0.6,NQNX,12545
TLRY,20250717 08:23:34.297000,2887669,40,218882,0.6,NQNX,12545
TLRY,20250717 08:23:56.847000,2893173,1594,220476,0.6,NQNX,12545
TLRY,20250717 08:24:24.572000,2899324,9,220486,0.6,NQNX,12545
TLRY,20250717 08:24:24.572000,2899323,1,220477,0.6,NQNX,12545
TLRY,20250717 08:24:33.143000,2901113,100,220586,0.6,NQNX,12545
TLRY,20250717 08:24:34.150000,2901387,2,221088,0.6,EDGX,12545
TLRY,20250717 08:24:34.150000,2901385,1,220587,0.6,MEMX,12545
TLRY,20250717 08:24:34.150000,2901386,499,221086,0.6,MEMX,12545
TLRY,20250717 08:24:34.155000,2901388,1,221089,0.6,MEMX,12545
TLRY,20250717 08:24:34.155000,2901389,999,222088,0.6,MEMX,12545
TLRY,20250717 08:24:34.155000,2901390,2,222090,0.6,EDGX,12545
TLRY,20250717 08:24:34.155000,2901391,2798,224888,0.6,EDGX,12545
TLRY,20250717 08:24:34.161000,2901392,2,224890,0.6,EDGX,12545
TLRY,20250717 08:24:34.161000,2901393,2448,227338,0.6,EDGX,12545
TLRY,20250717 08:24:36.634000,2902062,6,227344,0.6,NQNX,12545
TLRY,20250717 08:24:37.130000,2902159,4,227348,0.6,NQNX,12545
TLRY,20250717 08:24:37.141000,2902162,3,227351,0.6,NQNX,12545
TLRY,20250717 08:25:08.239000,2909011,5000,232351,0.6,NTRF,12545
TLRY,20250717 08:25:32.302000,2914923,3000,235351,0.6,NQNX,12545
TLRY,20250717 08:25:34.628000,2915297,25,235376,0.6,NQNX,12545
TLRY,20250717 08:25:36.579000,2915842,100,235476,0.6,NQNX,12545
TLRY,20250717 08:25:42.284000,2917107,4,235480,0.6,NQNX,12545
TLRY,20250717 08:26:04.222000,2924539,140,235620,0.6,NQNX,12545
TLRY,20250717 08:26:06.413000,2924986,2000,237620,0.6,NQNX,12545
TLRY,20250717 08:26:10.328000,2925819,50,237670,0.6,NQNX,12545
TLRY,20250717 08:26:25.783000,2928798,100,237770,0.6,NQNX,12545
TLRY,20250717 08:26:26.373000,2928876,5000,242770,0.6,NTRF,12545
TLRY,20250717 08:26:35.720000,2931486,10,242780,0.6,NQNX,12545
TLRY,20250717 08:26:42.292000,2932812,2,242782,0.6,NQNX,12545
TLRY,20250717 08:26:46.758000,2934399,2,242784,0.6,NQNX,12545
TLRY,20250717 08:26:54.897000,2936580,125,242909,0.6,NQNX,12545
TLRY,20250717 08:27:20.913000,2941693,2,242911,0.6,NQNX,12545
TLRY,20250717 08:27:49.434000,2947661,58,242969,0.6,NQNX,12545
TLRY,20250717 08:27:59.631000,2949634,290,243259,0.6,NQNX,12545
TLRY,20250717 08:28:17.319000,2952943,1,243260,0.6,MEMX,12545
TLRY,20250717 08:28:17.320000,2952944,99,243359,0.6,NQNX,12545
TLRY,20250717 08:28:17.583000,2952977,25,243384,0.6,NQNX,12545
TLRY,20250717 08:28:22.489000,2953983,3,243387,0.6,NQNX,12545
TLRY,20250717 08:28:24.150000,2954286,5,243392,0.6,NQNX,12545
TLRY,20250717 08:28:33.677000,2955905,5,243397,0.6,NQNX,12545
TLRY,20250717 08:28:49.520000,2959889,9000,252397,0.6,NQNX,12545
TLRY,20250717 08:28:49.643000,2959900,160,252557,0.6,NTRF,12545
TLRY,20250717 08:28:50.113000,2959980,2,252559,0.6,NQNX,12545
TLRY,20250717 08:28:53.728000,2960638,2,252561,0.6,NQNX,12545
TLRY,20250717 08:29:05.765000,2964412,110,252671,0.6,NTRF,12545
TLRY,20250717 08:29:06.050000,2964559,46,252717,0.6,NQNX,12545
TLRY,20250717 08:29:30.158000,2971022,10,252727,0.6,NQNX,12545
TLRY,20250717 08:29:41.904000,2973350,25,252752,0.6,NQNX,12545
TLRY,20250717 08:29:47.995000,2974240,250,253252,0.6,NQNX,12545
TLRY,20250717 08:29:47.995000,2974238,250,253002,0.6,MEMX,12545
TLRY,20250717 08:29:50.939000,2974742,10,253262,0.6,NQNX,12545
TLRY,20250717 08:30:23.284000,2992445,10,253272,0.6,NQNX,12545
TLRY,20250717 08:30:32.714000,2996651,42,253314,0.6,NTRF,12545
TLRY,20250717 08:30:44.820000,3001924,1,253315,0.6,NQNX,12545
TLRY,20250717 08:31:17.584000,3018303,400,253715,0.6,NTRF,12545
TLRY,20250717 08:31:56.429000,3031591,3,253718,0.6,NQNX,12545
TLRY,20250717 08:33:15.459000,3063807,125,253843,0.6,NQNX,12545
TLRY,20250717 08:33:32.838000,3071397,2200,256043,0.6,PACF,12545
TLRY,20250717 08:33:54.919000,3081004,6,256049,0.6,NQNX,12545
TLRY,20250717 08:34:14.233000,3088946,332,256381,0.6,NTRF,12545
TLRY,20250717 08:34:23.331000,3092379,320,256701,0.6,PACF,12545
TLRY,20250717 08:34:23.333000,3092381,22680,279701,0.6,NQNX,12545
TLRY,20250717 08:34:23.333000,3092380,320,257021,0.6,NQNX,12545
TLRY,20250717 08:34:23.334000,3092396,800,280501,0.6,NQNX,12545
TLRY,20250717 08:34:30.173000,3095644,5,280506,0.6,NQNX,12545
TLRY,20250717 08:34:30.708000,3095867,50,280556,0.6,NQNX,12545
TLRY,20250717 08:35:45.975000,3130358,2200,282756,0.6,EDGX,12545
TLRY,20250717 08:35:45.975000,3130359,100,282856,0.6,EDGX,12545
TLRY,20250717 08:35:45.979000,3130362,1100,288756,0.6,NQNX,12545
TLRY,20250717 08:35:45.979000,3130361,4800,287656,0.6,NQNX,12545
TLRY,20250717 08:35:45.983000,3130363,1800,290556,0.6,MEMX,12545
TLRY,20250717 08:36:38.248000,3154069,25,290581,0.6,NQNX,12545
TLRY,20250717 08:36:50.558000,3158765,1000,291581,0.6,NQNX,12545
TLRY,20250717 08:36:51.363000,3159111,7,291588,0.6,NQNX,12545
TLRY,20250717 08:36:52.704000,3160190,18,291606,0.6,PACF,12545
TLRY,20250717 08:36:52.707000,3160193,128,291734,0.6,NTRF,12545
TLRY,20250717 08:37:07.788000,3167913,70,291804,0.6,NQNX,12545
TLRY,20250717 08:37:13.293000,3170023,2200,294004,0.6,MEMX,12545
TLRY,20250717 08:37:13.293000,3170024,6000,300004,0.6,MEMX,12545
TLRY,20250717 08:37:13.294000,3170026,900,301304,0.6,MEMX,12545
TLRY,20250717 08:37:13.294000,3170025,400,300404,0.6,PACF,12545
TLRY,20250717 08:37:23.028000,3174634,2,301306,0.6,NQNX,12545
TLRY,20250717 08:37:36.344000,3181656,23,301329,0.6,NQNX,12545
TLRY,20250717 08:37:50.328000,3188947,1,301330,0.6,NQNX,12545
TLRY,20250717 08:38:13.153000,3198964,472,301802,0.6,NTRF,12545
TLRY,20250717 08:38:16.353000,3200652,23,301825,0.6,NQNX,12545
TLRY,20250717 08:38:33.603000,3208706,13,301838,0.6,NQNX,12545
TLRY,20250717 08:39:05.533000,3221403,2250,304088,0.6,NTRF,12545
TLRY,20250717 08:39:14.117000,3224889,100,304188,0.6,NTRF,12545
TLRY,20250717 08:39:14.353000,3224997,2,304190,0.6,NQNX,12545
TLRY,20250717 08:39:18.846000,3226690,1422,305612,0.6,NTRF,12545
TLRY,20250717 08:39:21.772000,3228535,100,305712,0.6,NQNX,12545
TLRY,20250717 08:39:32.680000,3233033,1,305713,0.6,NQEX,12545
TLRY,20250717 08:39:32.680000,3233035,100,307113,0.6,PACF,12545
TLRY,20250717 08:39:32.680000,3233034,1300,307013,0.6,MEMX,12545
TLRY,20250717 08:39:32.680000,3233036,300,307413,0.6,PACF,12545
TLRY,20250717 08:39:32.681000,3233038,3199,310712,0.6,NQNX,12545
TLRY,20250717 08:39:32.681000,3233037,100,307513,0.6,PACF,12545
TLRY,20250717 08:39:34.387000,3233609,1,310713,0.6,PACF,12545
TLRY,20250717 08:39:44.383000,3238035,1976,312689,0.6,NTRF,12545
TLRY,20250717 08:39:56.693000,3243620,75,312764,0.6,NQNX,12545
TLRY,20250717 08:40:09.868000,3249132,40,312804,0.6,NQNX,12545
TLRY,20250717 08:40:27.984000,3258818,4,312808,0.6,NQNX,12545
TLRY,20250717 08:40:29.113000,3259183,100,312908,0.6,NTRF,12545
TLRY,20250717 08:41:07.649000,3274311,27,312935,0.6,NQNX,12545
TLRY,20250717 08:41:32.880000,3286633,250,313185,0.6,NTRF,12545
TLRY,20250717 08:42:22.679000,3309165,34,313219,0.61,NQNX,12545
TLRY,20250717 08:42:36.733000,3314580,750,313969,0.6,NQNX,12545
TLRY,20250717 08:42:50.893000,3319683,200,314169,0.6,NQNX,12545
TLRY,20250717 08:43:36.204000,3334761,46,314215,0.6,NQNX,12545
TLRY,20250717 08:44:19.564000,3349929,10,314225,0.61,NQNX,12545
TLRY,20250717 08:44:25.136000,3351439,3,314228,0.61,NQNX,12545
TLRY,20250717 08:44:26.568000,3351803,100,314328,0.61,NQNX,12545
TLRY,20250717 08:45:39.667000,3380317,10,314338,0.61,NQNX,12545
TLRY,20250717 08:45:48.286000,3383216,100,314438,0.6,PACF,12545
TLRY,20250717 08:45:48.288000,3383217,23900,338338,0.6,NQNX,12545
TLRY,20250717 08:46:28.523000,3395339,100,338438,0.6,NTRF,12545
TLRY,20250717 08:46:44.524000,3400322,8,338446,0.6,NQNX,12545
TLRY,20250717 08:47:00.024000,3406921,8,338454,0.61,NQNX,12545
TLRY,20250717 08:48:30.028000,3440117,500,338954,0.61,NQNX,12545
TLRY,20250717 08:48:35.184000,3442280,100,339054,0.6,NTRF,12545
TLRY,20250717 08:48:36.143000,3443004,199,339253,0.6,NQNX,12545
TLRY,20250717 08:49:09.077000,3456240,1577,340830,0.6,NQNX,12545
TLRY,20250717 08:49:17.974000,3459384,157,340987,0.6,NQNX,12545
TLRY,20250717 08:49:26.108000,3462028,999,341986,0.61,NQNX,12545
TLRY,20250717 08:49:33.762000,3464699,100,342086,0.61,NQNX,12545
TLRY,20250717 08:49:36.414000,3465714,400,342486,0.61,NQNX,12545
TLRY,20250717 08:49:52.107000,3471136,1,342487,0.6,NQNX,12545
TLRY,20250717 08:49:53.008000,3471535,100,342587,0.61,NQNX,12545
TLRY,20250717 08:50:11.878000,3482334,1,342588,0.61,NQNX,12545
TLRY,20250717 08:50:32.348000,3489706,1,342589,0.61,NQNX,12545
TLRY,20250717 08:50:33.983000,3490143,505,343094,0.6,NQNX,12545
TLRY,20250717 08:51:35.714000,3516062,3,343097,0.6,NQNX,12545
TLRY,20250717 08:51:55.750000,3523701,130,343227,0.61,NQNX,12545
TLRY,20250717 08:51:58.172000,3524486,22,343249,0.6,NQNX,12545
TLRY,20250717 08:52:35.263000,3534629,100,343349,0.6,PACF,12545
TLRY,20250717 08:52:42.426000,3536447,600,343949,0.6,PACF,12545
TLRY,20250717 08:52:42.427000,3536448,400,344349,0.6,PACF,12545
TLRY,20250717 08:53:00.900000,3542520,3310,347659,0.61,NTRF,12545
TLRY,20250717 08:53:25.758000,3551921,16,347675,0.61,NQNX,12545
TLRY,20250717 08:53:38.729000,3555543,3,347678,0.6,NQNX,12545
TLRY,20250717 08:53:41.765000,3556826,5,347683,0.61,NQNX,12545
TLRY,20250717 08:53:51.957000,3561849,7777,355460,0.61,NQNX,12545
TLRY,20250717 08:53:53.659000,3562575,25,355485,0.6,NQNX,12545
TLRY,20250717 08:54:01.803000,3565726,15,355500,0.6,NQNX,12545
TLRY,20250717 08:54:42.398000,3580282,20,355520,0.6,NQNX,12545
TLRY,20250717 08:54:52.688000,3583499,5,355525,0.6,NQNX,12545
TLRY,20250717 08:55:28.840000,3602278,200,355725,0.6,NQNX,12545
TLRY,20250717 08:55:28.840000,3602279,800,356525,0.6,NQNX,12545
TLRY,20250717 08:55:47.211000,3612174,2200,358725,0.6,NQNX,12545
TLRY,20250717 08:55:51.399000,3614763,2,358727,0.61,NQNX,12545
TLRY,20250717 08:56:39.484000,3644578,5,358732,0.6,NQNX,12545
TLRY,20250717 08:56:54.247000,3650857,4,358736,0.6,NQNX,12545
TLRY,20250717 08:57:00.495000,3653619,7,358743,0.61,NQNX,12545
TLRY,20250717 08:57:14.697000,3660129,15,358758,0.6,NQNX,12545
TLRY,20250717 08:57:25.074000,3665723,2,358760,0.61,NQNX,12545
TLRY,20250717 08:57:57.798000,3679943,500,359260,0.6,NQNX,12545
TLRY,20250717 08:58:15.404000,3687461,47,359307,0.61,NQNX,12545
TLRY,20250717 08:58:39.083000,3699296,10,359317,0.6,NQNX,12545
TLRY,20250717 09:01:48.999000,3773139,100,359417,0.6,PACF,12545
TLRY,20250717 09:02:42.076000,3791391,300,359717,0.6,NQNX,12545
TLRY,20250717 09:02:51.698000,3794282,5,359722,0.61,NQNX,12545
TLRY,20250717 09:03:12.394000,3800973,5,359727,0.6,NQNX,12545
TLRY,20250717 09:03:15.655000,3801838,75,359802,0.61,NQNX,12545
TLRY,20250717 09:03:16.384000,3802052,40,359842,0.6,PACF,12545
TLRY,20250717 09:03:16.385000,3802053,10,359852,0.6,PACF,12545
TLRY,20250717 09:03:26.040000,3804614,10,359862,0.6,NQNX,12545
TLRY,20250717 09:03:28.264000,3806000,8,359870,0.6,PACF,12545
TLRY,20250717 09:03:37.543000,3811147,1,359871,0.6,PACF,12545
TLRY,20250717 09:04:06.314000,3825775,100,360011,0.6,PACF,12545
TLRY,20250717 09:04:06.314000,3825774,40,359911,0.6,PACF,12545
TLRY,20250717 09:04:06.315000,3825776,200,360211,0.6,PACF,12545
TLRY,20250717 09:04:06.316000,3825777,400,360611,0.6,PACF,12545
TLRY,20250717 09:04:06.317000,3825778,800,361411,0.6,PACF,12545
TLRY,20250717 09:04:06.317000,3825779,460,361871,0.6,PACF,12545
TLRY,20250717 09:04:10.654000,3827701,10,361881,0.6,NQNX,12545
TLRY,20250717 09:04:23.087000,3833486,255,362136,0.61,NQNX,12545
TLRY,20250717 09:05:28.556000,3859345,984,363120,0.6,NQNX,12545
TLRY,20250717 09:05:42.646000,3864714,10,363130,0.61,NQNX,12545
TLRY,20250717 09:06:02.154000,3872183,50,363180,0.61,NQNX,12545
TLRY,20250717 09:06:13.854000,3875894,75,363255,0.6,NQNX,12545
TLRY,20250717 09:06:37.881000,3885427,3,363258,0.6,NQNX,12545
TLRY,20250717 09:07:15.690000,3898420,30,363288,0.6,PACF,12545
TLRY,20250717 09:07:19.309000,3899682,5,363293,0.61,NQNX,12545
TLRY,20250717 09:07:20.559000,3900466,1,363294,0.6,NQNX,12545
TLRY,20250717 09:07:33.428000,3905268,50,363344,0.61,NQNX,12545
TLRY,20250717 09:07:58.289000,3914106,1000,364344,0.6,PACF,12545
TLRY,20250717 09:08:46.721000,3929595,40,364384,0.6,NQNX,12545
TLRY,20250717 09:08:57.584000,3932177,100,364484,0.6,NQNX,12545
TLRY,20250717 09:09:57.710000,3949404,15,364499,0.6,NQNX,12545
TLRY,20250717 09:10:39.948000,3961988,9,364508,0.61,NQNX,12545
TLRY,20250717 09:10:42.917000,3962766,10000,374508,0.6,NQNX,12545
TLRY,20250717 09:12:05.288000,3991979,2,374510,0.6,NQNX,12545
TLRY,20250717 09:12:25.079000,3999725,5,374515,0.6,NQNX,12545
TLRY,20250717 09:12:49.676000,4008754,17,374532,0.6,NQNX,12545
TLRY,20250717 09:12:51.206000,4009144,1,374533,0.6,PACF,12545
TLRY,20250717 09:12:54.871000,4010683,1961,376494,0.6,NQNX,12545
TLRY,20250717 09:13:46.014000,4033393,1004,377498,0.6,NQNX,12545
TLRY,20250717 09:14:04.023000,4040672,2000,379498,0.6,NTRF,12545
TLRY,20250717 09:14:22.889000,4048801,50,379548,0.6,NQNX,12545
TLRY,20250717 09:14:30.973000,4051857,500,380048,0.6,NQNX,12545
TLRY,20250717 09:14:33.144000,4052656,4,380052,0.6,NQNX,12545
TLRY,20250717 09:14:34.624000,4053189,17,380069,0.6,NQNX,12545
TLRY,20250717 09:14:34.766000,4053225,750,380819,0.6,PACF,12545
TLRY,20250717 09:14:34.766000,4053226,560,381379,0.6,NQNX,12545
TLRY,20250717 09:14:54.502000,4060398,101,383680,0.6,MEMX,12545
TLRY,20250717 09:14:54.502000,4060397,2200,383579,0.6,MEMX,12545
TLRY,20250717 09:14:54.504000,4060400,2106,387986,0.6,PACF,12545
TLRY,20250717 09:14:54.504000,4060401,100,388086,0.6,PACF,12545
TLRY,20250717 09:14:54.504000,4060399,2200,385880,0.6,PACF,12545
TLRY,20250717 09:14:54.505000,4060406,2256,391379,0.61,PACF,12545
TLRY,20250717 09:14:54.505000,4060405,500,389123,0.61,PACF,12545
TLRY,20250717 09:14:54.505000,4060402,500,388586,0.6,PACF,12545
TLRY,20250717 09:14:54.505000,4060403,2,388588,0.61,PACF,12545
TLRY,20250717 09:14:54.505000,4060404,35,388623,0.61,PACF,12545
TLRY,20250717 09:15:45.298000,4081110,81,391460,0.6,NQNX,12545
TLRY,20250717 09:15:47.154000,4081826,3,391463,0.6,NQNX,12545
TLRY,20250717 09:15:53.909000,4084183,600,392063,0.61,NTRF,12545
TLRY,20250717 09:17:34.744000,4117038,3,392066,0.61,NQNX,12545
TLRY,20250717 09:17:52.662000,4123635,100,392166,0.61,NTRF,12545
TLRY,20250717 09:18:12.147000,4132502,424,392590,0.6,NQNX,12545
TLRY,20250717 09:18:21.032000,4135831,500,393090,0.6,NQNX,12545
TLRY,20250717 09:18:26.399000,4137756,16,393106,0.61,NQNX,12545
TLRY,20250717 09:18:29.959000,4138801,3,393109,0.61,NQNX,12545
TLRY,20250717 09:18:31.159000,4139101,3,393112,0.6,NQNX,12545
TLRY,20250717 09:18:39.419000,4141957,25,393137,0.6,NQNX,12545
TLRY,20250717 09:19:06.744000,4152570,50,393187,0.6,NTRF,12545
TLRY,20250717 09:20:04.761000,4171673,1500,394687,0.6,NQNX,12545
TLRY,20250717 09:20:12.493000,4175030,83,394770,0.6,EDGX,12545
TLRY,20250717 09:20:12.494000,4175031,200,394970,0.6,EDGX,12545
TLRY,20250717 09:20:12.495000,4175032,117,395087,0.6,EDGX,12545
TLRY,20250717 09:21:01.193000,4197144,83,396970,0.6,EDGX,12545
TLRY,20250717 09:21:01.193000,4197143,1800,396887,0.6,EDGX,12545
TLRY,20250717 09:21:01.194000,4197147,917,400087,0.6,EDGX,12545
TLRY,20250717 09:21:01.194000,4197146,2200,399170,0.6,EDGX,12545
TLRY,20250717 09:21:07.465000,4200149,136,400223,0.6,NTRF,12545
TLRY,20250717 09:21:39.129000,4215686,235,400458,0.6,NTRF,12545
TLRY,20250717 09:22:01.184000,4223358,100,405407,0.6,EDGX,12545
TLRY,20250717 09:22:01.184000,4223357,2649,405307,0.6,EDGX,12545
TLRY,20250717 09:22:01.184000,4223356,2200,402658,0.6,EDGX,12545
TLRY,20250717 09:22:01.186000,4223359,51,405458,0.6,PACF,12545
TLRY,20250717 09:23:09.351000,4254278,1,405459,0.61,NQNX,12545
TLRY,20250717 09:23:51.818000,4270471,1,405460,0.6,NQNX,12545
TLRY,20250717 09:24:07.460000,4276402,1,405461,0.6,NQNX,12545
TLRY,20250717 09:24:24.593000,4282634,33,405494,0.6,NQNX,12545
TLRY,20250717 09:24:46.976000,4291104,10,405504,0.6,NQEX,12545
TLRY,20250717 09:24:46.977000,4291105,200,405704,0.6,NQEX,12545
TLRY,20250717 09:24:46.980000,4291106,190,405894,0.6,NQEX,12545
TLRY,20250717 09:24:46.981000,4291107,190,406084,0.6,NQNX,12545
TLRY,20250717 09:24:50.939000,4292182,50,406134,0.61,NQNX,12545
TLRY,20250717 09:25:09.959000,4310362,1,406135,0.6,PACF,12545
TLRY,20250717 09:25:09.961000,4310363,1,406136,0.6,NQNX,12545
TLRY,20250717 09:25:26.196000,4321867,1,406137,0.6,NQNX,12545
TLRY,20250717 09:25:40.950000,4329188,1,406138,0.6,PACF,12545
TLRY,20250717 09:25:53.584000,4334610,10,406148,0.6,NQNX,12545
TLRY,20250717 09:25:57.550000,4336105,1,406149,0.6,NQNX,12545
TLRY,20250717 09:26:06.538000,4340201,13,406162,0.6,NQNX,12545
TLRY,20250717 09:26:13.084000,4342507,2000,408162,0.61,NTRF,12545
TLRY,20250717 09:26:13.795000,4342789,1,408163,0.6,PACF,12545
TLRY,20250717 09:26:27.513000,4347195,10,408173,0.6,NQNX,12545
TLRY,20250717 09:26:30.067000,4348708,1,408174,0.6,PACF,12545
TLRY,20250717 09:26:30.512000,4348887,2,408176,0.6,NQNX,12545
TLRY,20250717 09:26:33.316000,4350217,72,408248,0.6,PACF,12545
TLRY,20250717 09:26:33.321000,4350218,1,408249,0.6,PACF,12545
TLRY,20250717 09:26:33.322000,4350219,237,408486,0.6,NQNX,12545
TLRY,20250717 09:26:46.533000,4355996,1,408487,0.6,PACF,12545
TLRY,20250717 09:26:46.535000,4355997,1,408488,0.6,NQNX,12545
TLRY,20250717 09:26:51.489000,4358008,500,408988,0.6,NQNX,12545
TLRY,20250717 09:27:01.529000,4362410,1,408989,0.6,NQNX,12545
TLRY,20250717 09:27:17.204000,4369392,1,408990,0.6,PACF,12545
TLRY,20250717 09:27:17.206000,4369393,1,408991,0.6,NQNX,12545
TLRY,20250717 09:27:31.498000,4375455,1,408992,0.6,PACF,12545
TLRY,20250717 09:27:44.505000,4383355,400,409392,0.6,NQNX,12545
TLRY,20250717 09:27:51.588000,4388323,5,409397,0.61,NQNX,12545
TLRY,20250717 09:28:19.852000,4410434,97,409494,0.6,PACF,12545
TLRY,20250717 09:28:19.852000,4410435,1,409495,0.6,PACF,12545
TLRY,20250717 09:28:19.852000,4410436,13,409508,0.6,PACF,12545
TLRY,20250717 09:28:36.445000,4416505,197,409705,0.6,PACF,12545
TLRY,20250717 09:28:42.581000,4419296,4000,413705,0.6,PACF,12545
TLRY,20250717 09:29:06.645000,4427354,50,413755,0.6,PACF,12545
TLRY,20250717 09:29:48.864000,4443168,100,413955,0.6,PACF,12545
TLRY,20250717 09:29:48.864000,4443167,100,413855,0.6,PACF,12545
TLRY,20250717 09:30:00.083000,4451488,2,413961,0.61,PACF,12659
TLRY,20250717 09:30:00.083000,4451487,2,413959,0.61,PACF,12659
TLRY,20250717 09:30:00.083000,4451481,1,413957,0.61,PACF,12610
TLRY,20250717 09:30:00.083000,4451480,1,413956,0.61,PACF,12659
TLRY,20250717 09:30:00.663000,4480141,217804,631765,0.6,NQEX,12606
TLRY,20250717 09:30:00.664000,4480153,217804,849569,0.6,NQEX,12610
TLRY,20250717 09:30:00.669000,4480469,125,849694,0.6,NQEX,12544
TLRY,20250717 09:30:00.706000,4482702,1,849765,0.6,PACF,12659
TLRY,20250717 09:30:00.706000,4482693,70,849764,0.6,MEMX,12659
TLRY,20250717 09:30:00.706000,4482705,1,849777,0.6,PACF,12659
TLRY,20250717 09:30:00.706000,4482703,10,849775,0.6,PACF,12659
TLRY,20250717 09:30:00.706000,4482704,1,849776,0.6,PACF,12659
TLRY,20250717 09:30:00.742000,4485542,5,849782,0.6,NQNX,12659
TLRY,20250717 09:30:00.744000,4485614,6,849788,0.6,MEMX,12659
TLRY,20250717 09:30:00.795000,4488407,4,849792,0.6,NQEX,12659
TLRY,20250717 09:30:00.810000,4489586,645,850441,0.6,NQNX,12640
TLRY,20250717 09:30:00.810000,4489563,4,849796,0.6,NQNX,12640
TLRY,20250717 09:30:00.811000,4489632,2,850443,0.6,NQNX,12640
TLRY,20250717 09:30:00.811000,4489670,381,850824,0.6,NQNX,12640
TLRY,20250717 09:30:00.811000,4489723,1,850825,0.6,NQNX,12640
TLRY,20250717 09:30:00.812000,4489756,31,850856,0.6,NQNX,12640
TLRY,20250717 09:30:00.812000,4489782,1,850857,0.6,NQNX,12640
TLRY,20250717 09:30:00.813000,4489878,8,851038,0.6,NQNX,12640
TLRY,20250717 09:30:00.813000,4489874,1,851030,0.6,NQNX,12640
TLRY,20250717 09:30:00.813000,4489848,163,851029,0.6,NQNX,12640
TLRY,20250717 09:30:00.813000,4489845,8,850866,0.6,NQNX,12640
TLRY,20250717 09:30:00.813000,4489825,1,850858,0.6,NQNX,12640
TLRY,20250717 09:30:00.814000,4489931,10,851105,0.6,NQNX,12640
TLRY,20250717 09:30:00.814000,4489924,1,851095,0.6,NQNX,12640
TLRY,20250717 09:30:00.814000,4489905,16,851094,0.6,NQNX,12640
TLRY,20250717 09:30:00.814000,4489903,40,851078,0.6,NQNX,12640
TLRY,20250717 09:30:00.815000,4489938,1,851106,0.6,NQNX,12640
TLRY,20250717 09:30:00.817000,4490055,300,851406,0.6,NQNX,12544
TLRY,20250717 09:30:00.833000,4491359,500,851906,0.6,NQNX,12544
TLRY,20250717 09:30:00.850000,4492542,4,851910,0.6,NQEX,12659
TLRY,20250717 09:30:00.886000,4494727,32,851943,0.6,NQNX,12640
TLRY,20250717 09:30:00.886000,4494752,1,851944,0.6,NQNX,12640
TLRY,20250717 09:30:00.886000,4494710,1,851911,0.6,NQNX,12640
TLRY,20250717 09:30:00.887000,4494795,16,852123,0.6,NQNX,12640
TLRY,20250717 09:30:00.887000,4494802,58,852181,0.6,NQNX,12640
TLRY,20250717 09:30:00.887000,4494770,163,852107,0.6,NQNX,12640
TLRY,20250717 09:30:00.888000,4494824,1,852199,0.6,NQNX,12640
TLRY,20250717 09:30:00.888000,4494842,6,852205,0.6,NQNX,12640
TLRY,20250717 09:30:00.888000,4494807,1,852182,0.6,NQNX,12640
TLRY,20250717 09:30:00.888000,4494819,16,852198,0.6,NQNX,12640
TLRY,20250717 09:30:00.889000,4494878,5,852376,0.6,NQNX,12640
TLRY,20250717 09:30:00.889000,4494852,1,852206,0.6,NQNX,12640
TLRY,20250717 09:30:00.889000,4494860,4,852210,0.6,NQNX,12640
TLRY,20250717 09:30:00.889000,4494866,29,852239,0.6,MEMX,12659
TLRY,20250717 09:30:00.889000,4494867,116,852355,0.6,MEMX,12544
TLRY,20250717 09:30:00.889000,4494869,16,852371,0.6,NQNX,12640
TLRY,20250717 09:30:00.890000,4494893,1,852393,0.6,NQNX,12640
TLRY,20250717 09:30:00.890000,4494885,16,852392,0.6,NQNX,12640
TLRY,20250717 09:30:00.910000,4495729,32,852425,0.6,NQNX,12640
TLRY,20250717 09:30:00.911000,4495791,1,852426,0.6,NQNX,12640
TLRY,20250717 09:30:00.911000,4495852,409,852835,0.6,NQNX,12640
TLRY,20250717 09:30:00.912000,4495914,64,852899,0.6,NQNX,12640
TLRY,20250717 09:30:00.912000,4496002,2,852901,0.6,NQNX,12640
TLRY,20250717 09:30:00.913000,4496092,40,852942,0.6,NQNX,12640
TLRY,20250717 09:30:00.913000,4496039,1,852902,0.6,NQNX,12640
TLRY,20250717 09:30:00.914000,4496236,1,852982,0.6,NQNX,12640
TLRY,20250717 09:30:00.914000,4496213,1,852981,0.6,NQNX,12640
TLRY,20250717 09:30:00.914000,4496141,1,852943,0.6,NQNX,12640
TLRY,20250717 09:30:00.914000,4496169,37,852980,0.6,NQEX,12659
TLRY,20250717 09:30:00.915000,4496260,32,853014,0.6,NQNX,12640
TLRY,20250717 09:30:00.915000,4496286,1,853015,0.6,NQNX,12640
TLRY,20250717 09:30:00.915000,4496306,16,853031,0.6,NQNX,12640
TLRY,20250717 09:30:00.915000,4496327,40,853071,0.6,NQNX,12640
TLRY,20250717 09:30:00.916000,4496347,4,853115,0.6,NQNX,12640
TLRY,20250717 09:30:00.916000,4496339,40,853111,0.6,NQNX,12640
TLRY,20250717 09:30:00.970000,4500462,1,853116,0.6,NQNX,12640
TLRY,20250717 09:30:00.971000,4500536,32,853148,0.6,NQNX,12640
TLRY,20250717 09:30:00.971000,4500558,3,853151,0.6,NQNX,12640
TLRY,20250717 09:30:00.972000,4500581,32,853183,0.6,NQNX,12640
TLRY,20250717 09:30:00.972000,4500685,1,853348,0.6,NQNX,12640
TLRY,20250717 09:30:00.972000,4500672,163,853347,0.6,NQNX,12640
TLRY,20250717 09:30:00.972000,4500601,1,853184,0.6,NQNX,12640
TLRY,20250717 09:30:00.973000,4500725,1,853349,0.6,NQNX,12640
TLRY,20250717 09:30:00.973000,4500739,1,853350,0.6,NQNX,12640
TLRY,20250717 09:30:00.974000,4500750,1,853351,0.6,NQNX,12640
TLRY,20250717 09:30:00.974000,4500771,2,853353,0.6,NQNX,12640
TLRY,20250717 09:30:00.990000,4501931,11,853364,0.6,NQNX,12640
TLRY,20250717 09:30:00.991000,4502016,16,853412,0.6,NQNX,12640
TLRY,20250717 09:30:00.991000,4501998,32,853396,0.6,NQNX,12640
TLRY,20250717 09:30:00.992000,4502047,1,853413,0.6,NQNX,12640
TLRY,20250717 09:30:00.992000,4502063,100,853513,0.6,NQNX,12640
TLRY,20250717 09:30:00.992000,4502081,1,853514,0.6,NQNX,12640
TLRY,20250717 09:30:00.992000,4502106,4,853518,0.6,NQNX,12640
TLRY,20250717 09:30:00.993000,4502130,11,853529,0.6,NQNX,12640
TLRY,20250717 09:30:00.993000,4502160,96,853625,0.6,NQNX,12640
TLRY,20250717 09:30:00.993000,4502180,11,853636,0.6,NQNX,12640
TLRY,20250717 09:30:00.994000,4502241,5,853643,0.6,NQNX,12640
TLRY,20250717 09:30:00.994000,4502219,1,853638,0.6,NQNX,12640
TLRY,20250717 09:30:00.994000,4502204,1,853637,0.6,NQNX,12640
TLRY,20250717 09:30:01.017000,4504237,1,853644,0.6,NQNX,12640
TLRY,20250717 09:30:01.018000,4504312,1472,855116,0.6,NQNX,12640
TLRY,20250717 09:30:01.020000,4504471,3,855119,0.6,NQNX,12640
TLRY,20250717 09:30:01.024000,4504839,16,855135,0.6,NQNX,12640
TLRY,20250717 09:30:01.027000,4505023,1,855136,0.6,NQNX,12640
TLRY,20250717 09:30:01.028000,4505168,1,855137,0.6,NQNX,12640
TLRY,20250717 09:30:01.030000,4505303,1,855138,0.6,NQNX,12640
TLRY,20250717 09:30:01.031000,4505348,1,855139,0.6,NQNX,12640
TLRY,20250717 09:30:01.032000,4505441,4,855355,0.6,NQNX,12640
TLRY,20250717 09:30:01.032000,4505438,196,855351,0.6,NQNX,12640
TLRY,20250717 09:30:01.032000,4505414,16,855155,0.6,NQNX,12640
TLRY,20250717 09:30:01.033000,4505460,1,855356,0.6,NQNX,12640
TLRY,20250717 09:30:01.033000,4505489,3,855531,0.6,NQNX,12640
TLRY,20250717 09:30:01.033000,4505473,172,855528,0.6,NQNX,12640
TLRY,20250717 09:30:01.034000,4505509,3,855534,0.6,NQNX,12640
TLRY,20250717 09:30:01.034000,4505530,8,855542,0.6,NQNX,12640
TLRY,20250717 09:30:01.034000,4505550,1,855543,0.6,NQNX,12640
TLRY,20250717 09:30:01.034000,4505552,1,855544,0.6,NQNX,12640
TLRY,20250717 09:30:01.034000,4505568,5,855549,0.6,NQNX,12640
TLRY,20250717 09:30:01.035000,4505572,1,855550,0.6,NQNX,12640
TLRY,20250717 09:30:01.035000,4505629,1,855561,0.6,NQNX,12640
TLRY,20250717 09:30:01.035000,4505592,1,855559,0.6,NQNX,12640
TLRY,20250717 09:30:01.035000,4505587,8,855558,0.6,NQNX,12640
TLRY,20250717 09:30:01.035000,4505599,1,855560,0.6,NQNX,12640
TLRY,20250717 09:30:01.036000,4505670,2393,857954,0.6,NQNX,12640
TLRY,20250717 09:30:01.036000,4505696,1,857955,0.6,NQNX,12640
TLRY,20250717 09:30:01.036000,4505738,1,857996,0.6,NQNX,12640
TLRY,20250717 09:30:01.036000,4505715,40,857995,0.6,NQNX,12640
TLRY,20250717 09:30:01.056000,4507116,3,857999,0.6,NQNX,12640
TLRY,20250717 09:30:01.056000,4507139,81,858080,0.6,NQNX,12640
TLRY,20250717 09:30:01.057000,4507167,4,858084,0.6,NQNX,12640
TLRY,20250717 09:30:01.057000,4507210,16,858101,0.6,NQNX,12640
TLRY,20250717 09:30:01.057000,4507186,1,858085,0.6,NQNX,12640
TLRY,20250717 09:30:01.058000,4507278,1,858119,0.6,NQNX,12640
TLRY,20250717 09:30:01.058000,4507251,16,858118,0.6,NQNX,12640
TLRY,20250717 09:30:01.058000,4507226,1,858102,0.6,NQNX,12640
TLRY,20250717 09:30:01.058000,4507302,19,858138,0.6,NQNX,12640
TLRY,20250717 09:30:01.059000,4507340,16,858155,0.6,NQNX,12640
TLRY,20250717 09:30:01.059000,4507318,1,858139,0.6,NQNX,12640
TLRY,20250717 09:30:01.059000,4507361,1,858156,0.6,NQNX,12640
TLRY,20250717 09:30:01.060000,4507375,49,858205,0.6,NQNX,12640
TLRY,20250717 09:30:01.060000,4507388,2,858207,0.6,NQNX,12640
TLRY,20250717 09:30:01.060000,4507402,4,858211,0.6,NQNX,12640
TLRY,20250717 09:30:01.060000,4507414,16,858227,0.6,NQNX,12640
TLRY,20250717 09:30:01.060000,4507423,16,858243,0.6,NQNX,12640
TLRY,20250717 09:30:01.105000,4510120,1,860068,0.6,NQNX,12640
TLRY,20250717 09:30:01.105000,4510089,1824,860067,0.6,NQNX,12640
TLRY,20250717 09:30:01.106000,4510177,1,860070,0.6,NQNX,12640
TLRY,20250717 09:30:01.106000,4510167,1,860069,0.6,NQNX,12640
TLRY,20250717 09:30:01.107000,4510262,9,860080,0.6,NQNX,12640
TLRY,20250717 09:30:01.107000,4510211,1,860071,0.6,NQNX,12640
TLRY,20250717 09:30:01.108000,4510286,15,860095,0.6,NQNX,12640
TLRY,20250717 09:30:01.108000,4510312,1,860096,0.6,NQNX,12640
TLRY,20250717 09:30:01.108000,4510325,1,860097,0.6,NQNX,12640
TLRY,20250717 09:30:01.109000,4510357,2,860100,0.6,NQNX,12640
TLRY,20250717 09:30:01.109000,4510342,1,860098,0.6,NQNX,12640
TLRY,20250717 09:30:01.155000,4512824,1,860101,0.6,NQNX,12640
TLRY,20250717 09:30:01.156000,4512841,14,860115,0.6,NQNX,12640
TLRY,20250717 09:30:01.156000,4512864,3,860118,0.6,NQNX,12640
TLRY,20250717 09:30:01.157000,4512919,1,860121,0.6,NQNX,12640
TLRY,20250717 09:30:01.157000,4512893,2,860120,0.6,NQNX,12640
TLRY,20250717 09:30:01.158000,4512937,1,860122,0.6,NQNX,12640
TLRY,20250717 09:30:01.158000,4512941,16,860138,0.6,NQNX,12640
TLRY,20250717 09:30:01.158000,4512958,1,860139,0.6,NQNX,12640
TLRY,20250717 09:30:01.159000,4512964,163,860302,0.6,NQNX,12640
TLRY,20250717 09:30:01.159000,4512974,1,860303,0.6,NQNX,12640
TLRY,20250717 09:30:01.159000,4512981,1,860304,0.6,NQNX,12640
TLRY,20250717 09:30:01.159000,4512999,2,860306,0.6,NQNX,12640
TLRY,20250717 09:30:01.160000,4513008,40,860346,0.6,NQNX,12640
TLRY,20250717 09:30:01.160000,4513012,1,860347,0.6,NQNX,12640
TLRY,20250717 09:30:01.179000,4514278,1,860348,0.6,NQNX,12640
TLRY,20250717 09:30:01.180000,4514328,40,860388,0.6,NQNX,12640
TLRY,20250717 09:30:01.180000,4514344,2,860390,0.6,NQNX,12640
TLRY,20250717 09:30:01.180000,4514356,1,860391,0.6,NQNX,12640
TLRY,20250717 09:30:01.181000,4514413,16,860592,0.6,NQNX,12640
TLRY,20250717 09:30:01.181000,4514390,81,860576,0.6,NQNX,12640
TLRY,20250717 09:30:01.181000,4514369,104,860495,0.6,NQNX,12640
TLRY,20250717 09:30:01.182000,4514434,16,860611,0.6,NQNX,12640
TLRY,20250717 09:30:01.182000,4514430,3,860595,0.6,NQNX,12640
TLRY,20250717 09:30:01.183000,4514464,1,860612,0.6,NQNX,12640
TLRY,20250717 09:30:01.183000,4514480,1,860613,0.6,NQNX,12640
TLRY,20250717 09:30:01.184000,4514489,40,860653,0.6,NQNX,12640
TLRY,20250717 09:30:01.184000,4514497,28,860681,0.6,NQNX,12640
TLRY,20250717 09:30:01.184000,4514498,1,860682,0.6,NQNX,12640
TLRY,20250717 09:30:01.279000,4520618,81,860763,0.6,NQNX,12640
TLRY,20250717 09:30:01.280000,4520648,32,860795,0.6,NQNX,12640
TLRY,20250717 09:30:01.280000,4520671,8,860803,0.6,NQNX,12640
TLRY,20250717 09:30:01.281000,4520700,16,860822,0.6,NQNX,12640
TLRY,20250717 09:30:01.281000,4520707,1,860823,0.6,NQNX,12640
TLRY,20250717 09:30:01.281000,4520716,1,860824,0.6,NQNX,12640
TLRY,20250717 09:30:01.281000,4520720,1,860825,0.6,NQNX,12640
TLRY,20250717 09:30:01.281000,4520697,3,860806,0.6,NQNX,12640
TLRY,20250717 09:30:01.282000,4520768,32,860858,0.6,NQNX,12640
TLRY,20250717 09:30:01.282000,4520753,1,860826,0.6,NQNX,12640
TLRY,20250717 09:30:01.283000,4520818,2,860885,0.6,NQNX,12640
TLRY,20250717 09:30:01.283000,4520801,24,860883,0.6,NQNX,12640
TLRY,20250717 09:30:01.283000,4520800,1,860859,0.6,NQNX,12640
TLRY,20250717 09:30:01.283000,4520824,2,860887,0.6,NQNX,12640
TLRY,20250717 09:30:01.284000,4520836,1,860888,0.6,NQNX,12640
TLRY,20250717 09:30:01.369000,4525238,409,861297,0.6,NQNX,12640
TLRY,20250717 09:30:01.369000,4525268,40,861337,0.6,NQNX,12640
TLRY,20250717 09:30:01.370000,4525317,1,861338,0.6,NQNX,12640
TLRY,20250717 09:30:01.371000,4525395,1,861339,0.6,NQNX,12640
TLRY,20250717 09:30:01.372000,4525440,32,861403,0.6,NQNX,12640
TLRY,20250717 09:30:01.372000,4525423,32,861371,0.6,NQNX,12640
TLRY,20250717 09:30:01.373000,4525464,1,861404,0.6,NQNX,12640
TLRY,20250717 09:30:01.373000,4525478,8,861412,0.6,NQNX,12640
TLRY,20250717 09:30:01.374000,4525539,40,861452,0.6,NQNX,12640
TLRY,20250717 09:30:01.374000,4525560,32,861484,0.6,NQNX,12640
TLRY,20250717 09:30:01.375000,4525575,1,861485,0.6,NQNX,12640
TLRY,20250717 09:30:01.375000,4525600,1,861487,0.6,NQNX,12640
TLRY,20250717 09:30:01.375000,4525589,1,861486,0.6,NQNX,12640
TLRY,20250717 09:30:01.376000,4525616,1,861488,0.6,NQNX,12640
TLRY,20250717 09:30:01.376000,4525669,81,861575,0.6,NQNX,12640
TLRY,20250717 09:30:01.376000,4525653,1,861494,0.6,NQNX,12640
TLRY,20250717 09:30:01.376000,4525641,5,861493,0.6,NQNX,12640
TLRY,20250717 09:30:01.377000,4525683,50,861625,0.6,NQNX,12640
TLRY,20250717 09:30:01.432000,4528688,1,861626,0.6,NQNX,12659
TLRY,20250717 09:30:01.511000,4532935,1,861627,0.6,NQNX,12659
TLRY,20250717 09:30:01.545000,4535001,1,861628,0.6,NQNX,12659
TLRY,20250717 09:30:01.568000,4536363,2,861630,0.6,PACF,12659
TLRY,20250717 09:30:01.568000,4536368,33,862662,0.6,PACF,12659
TLRY,20250717 09:30:01.568000,4536369,1,862663,0.6,PACF,12659
TLRY,20250717 09:30:01.568000,4536364,999,862629,0.6,PACF,12544
TLRY,20250717 09:30:01.568000,4536370,34,862697,0.6,PACF,12659
TLRY,20250717 09:30:01.584000,4537471,1,862698,0.6,NQNX,12659
TLRY,20250717 09:30:01.592000,4538078,3,862701,0.6,NQNX,12659
TLRY,20250717 09:30:01.632000,4540816,4605,867306,0.6,NTRF,12548
TLRY,20250717 09:30:01.691000,4545235,1333,868639,0.6,NQNX,12640
TLRY,20250717 09:30:01.702000,4546450,1,868640,0.6,NQNX,12640
TLRY,20250717 09:30:01.830000,4557074,7600,876240,0.6,NQNX,12544
TLRY,20250717 09:30:01.830000,4557096,9100,885340,0.6,NQNX,12544
TLRY,20250717 09:30:01.831000,4557118,9100,894440,0.6,NQNX,12544
TLRY,20250717 09:30:01.831000,4557166,9100,903540,0.6,NQNX,12544
TLRY,20250717 09:30:01.832000,4557241,5723,909263,0.6,NQNX,12544
TLRY,20250717 09:30:01.835000,4557484,82,909345,0.6,BATS,12659
TLRY,20250717 09:30:01.837000,4557696,3295,912640,0.6,NQNX,12544
TLRY,20250717 09:30:01.843000,4558199,1,912641,0.6,NQNX,12659
TLRY,20250717 09:30:01.900000,4563138,500,913141,0.6,NQNX,12544
TLRY,20250717 09:30:01.901000,4563162,536,913677,0.6,NQNX,12544
TLRY,20250717 09:30:01.975000,4569051,1,913678,0.6,NQNX,12659
TLRY,20250717 09:30:02.052000,4574291,1,913679,0.6,NQNX,12640
TLRY,20250717 09:30:02.053000,4574408,1,913680,0.6,NQNX,12640
TLRY,20250717 09:30:02.151000,4580659,9950,923630,0.6,NQNX,12640
TLRY,20250717 09:30:02.152000,4580699,45,923675,0.6,NTRF,12640
TLRY,20250717 09:30:02.157000,4580968,3,923678,0.6,NTRF,12640
TLRY,20250717 09:30:02.172000,4581914,20,923698,0.6,NTRF,12640
TLRY,20250717 09:30:02.178000,4582311,23,923721,0.6,NTRF,12640
TLRY,20250717 09:30:02.259000,4587138,1,923722,0.6,NQNX,12659
TLRY,20250717 09:30:02.403000,4595171,82,923804,0.6,NQNX,12659
TLRY,20250717 09:30:02.404000,4595179,1,923805,0.6,NQNX,12640
TLRY,20250717 09:30:02.624000,4604495,1,923806,0.6,NQNX,12640
TLRY,20250717 09:30:02.693000,4606967,1,923807,0.6,NQNX,12640
TLRY,20250717 09:30:02.788000,4610085,1,923808,0.6,NQNX,12640
TLRY,20250717 09:30:02.997000,4616574,1,923809,0.6,NQNX,12640
TLRY,20250717 09:30:03.007000,4617137,1,923810,0.6,NQNX,12640
TLRY,20250717 09:30:03.009000,4617215,1,923811,0.6,NQNX,12640
TLRY,20250717 09:30:03.024000,4617592,1,923812,0.6,NQNX,12640
TLRY,20250717 09:30:03.033000,4617806,1,923813,0.6,NQNX,12640
TLRY,20250717 09:30:03.234000,4623558,1,923814,0.6,NQNX,12640
TLRY,20250717 09:30:03.734000,4638437,1,923815,0.6,NQNX,12640
TLRY,20250717 09:30:03.735000,4638477,4,923819,0.6,NQNX,12640
TLRY,20250717 09:30:03.844000,4642291,1,923820,0.6,NQNX,12640
TLRY,20250717 09:30:04.023000,4646462,2,923822,0.6,NQNX,12640
TLRY,20250717 09:30:04.466000,4654191,1,923823,0.6,NQNX,12659
TLRY,20250717 09:30:04.882000,4660086,1,923824,0.6,NQNX,12640
TLRY,20250717 09:30:05.060000,4662427,1,923825,0.6,NQNX,12659
TLRY,20250717 09:30:05.070000,4662617,1,923826,0.6,NQNX,12659
TLRY,20250717 09:30:05.070000,4662621,1,923827,0.6,NQNX,12659
TLRY,20250717 09:30:05.077000,4662685,1,923828,0.6,NQNX,12659
TLRY,20250717 09:30:05.077000,4662686,1,923829,0.6,NQNX,12659
TLRY,20250717 09:30:05.077000,4662687,5,923834,0.6,NQNX,12659
TLRY,20250717 09:30:05.077000,4662689,1,923835,0.6,NQNX,12659
TLRY,20250717 09:30:05.091000,4662985,2,923837,0.6,NQNX,12659
TLRY,20250717 09:30:05.107000,4663220,1,923839,0.6,NQNX,12659
TLRY,20250717 09:30:05.107000,4663219,1,923838,0.6,NQNX,12659
TLRY,20250717 09:30:05.120000,4663409,1,923840,0.6,NQNX,12659
TLRY,20250717 09:30:05.132000,4663636,1,923841,0.6,NQNX,12659
TLRY,20250717 09:30:05.173000,4664517,1,923845,0.6,NQNX,12659
TLRY,20250717 09:30:05.173000,4664516,1,923844,0.6,NQNX,12659
TLRY,20250717 09:30:05.173000,4664513,1,923843,0.6,NQNX,12659
TLRY,20250717 09:30:05.173000,4664512,1,923842,0.6,NQNX,12659
TLRY,20250717 09:30:05.174000,4664536,1,923854,0.6,NQNX,12659
TLRY,20250717 09:30:05.174000,4664534,1,923853,0.6,NQNX,12659
TLRY,20250717 09:30:05.174000,4664543,1,923858,0.6,NQNX,12659
TLRY,20250717 09:30:05.174000,4664540,1,923857,0.6,NQNX,12659
TLRY,20250717 09:30:05.174000,4664538,1,923856,0.6,NQNX,12659
TLRY,20250717 09:30:05.174000,4664550,1,923859,0.6,NQNX,12659
TLRY,20250717 09:30:05.174000,4664518,1,923846,0.6,NQNX,12659
TLRY,20250717 09:30:05.174000,4664520,1,923847,0.6,NQNX,12659
TLRY,20250717 09:30:05.174000,4664521,1,923848,0.6,NQNX,12659
TLRY,20250717 09:30:05.174000,4664523,1,923849,0.6,NQNX,12659
TLRY,20250717 09:30:05.174000,4664528,1,923850,0.6,NQNX,12659
TLRY,20250717 09:30:05.174000,4664529,1,923851,0.6,NQNX,12659
TLRY,20250717 09:30:05.174000,4664533,1,923852,0.6,NQNX,12659
TLRY,20250717 09:30:05.174000,4664537,1,923855,0.6,NQNX,12659
TLRY,20250717 09:30:05.396000,4670105,82,923941,0.6,NQNX,12659
TLRY,20250717 09:30:05.427000,4670499,1,923942,0.6,NQNX,12640
TLRY,20250717 09:30:05.456000,4670817,6,923948,0.6,NQNX,12640
TLRY,20250717 09:30:05.475000,4671159,1,923949,0.6,NQNX,12640
TLRY,20250717 09:30:05.483000,4671337,1,923959,0.6,NQNX,12659
TLRY,20250717 09:30:05.483000,4671320,1,923951,0.6,NQNX,12659
TLRY,20250717 09:30:05.483000,4671334,1,923957,0.6,NQNX,12659
TLRY,20250717 09:30:05.483000,4671333,1,923956,0.6,NQNX,12659
TLRY,20250717 09:30:05.483000,4671325,1,923953,0.6,NQNX,12659
TLRY,20250717 09:30:05.483000,4671328,1,923954,0.6,NQNX,12659
TLRY,20250717 09:30:05.483000,4671329,1,923955,0.6,NQNX,12659
TLRY,20250717 09:30:05.483000,4671322,1,923952,0.6,NQNX,12659
TLRY,20250717 09:30:05.483000,4671336,1,923958,0.6,NQNX,12659
TLRY,20250717 09:30:05.483000,4671319,1,923950,0.6,NQNX,12659
TLRY,20250717 09:30:05.855000,4677116,1,923960,0.6,NQNX,12659
TLRY,20250717 09:30:06.033000,4679596,1,923961,0.6,NQNX,12659
TLRY,20250717 09:30:06.065000,4680129,1,923962,0.6,NQNX,12659
TLRY,20250717 09:30:06.251000,4682817,1,923963,0.6,NQNX,12659
TLRY,20250717 09:30:06.329000,4684001,33,923996,0.6,NQNX,12659
TLRY,20250717 09:30:06.330000,4684010,41,924037,0.6,NQNX,12659
TLRY,20250717 09:30:06.342000,4684200,8,924045,0.6,NQNX,12659
TLRY,20250717 09:30:06.566000,4687495,3,924048,0.6,NQNX,12659
TLRY,20250717 09:30:06.671000,4689001,200,924248,0.6,NTRF,12544
TLRY,20250717 09:30:06.963000,4692742,33,924281,0.6,NQNX,12659
TLRY,20250717 09:30:07.098000,4694397,41,924340,0.6,NQNX,12659
TLRY,20250717 09:30:07.098000,4694395,18,924299,0.6,NQNX,12659
TLRY,20250717 09:30:07.397000,4697710,1,924341,0.6,NQNX,12659
TLRY,20250717 09:30:08.875000,4714398,1,924342,0.6,NQNX,12659
TLRY,20250717 09:30:09.286000,4717304,1,924343,0.6,NQNX,12659
TLRY,20250717 09:30:09.292000,4717341,3,924346,0.6,NQNX,12659
TLRY,20250717 09:30:09.309000,4717698,5,924351,0.6,NQNX,12659
TLRY,20250717 09:30:09.312000,4717712,1,924352,0.6,NQNX,12659
TLRY,20250717 09:30:09.316000,4717745,8,924360,0.6,NQNX,12659
TLRY,20250717 09:30:09.320000,4717787,1,924361,0.6,NQNX,12659
TLRY,20250717 09:30:09.324000,4717813,1,924362,0.6,NQNX,12659
TLRY,20250717 09:30:09.333000,4718034,5,924367,0.6,NQNX,12659
TLRY,20250717 09:30:09.335000,4718048,2,924370,0.6,NQNX,12659
TLRY,20250717 09:30:09.335000,4718047,1,924368,0.6,NQNX,12659
TLRY,20250717 09:30:09.336000,4718062,2,924372,0.6,NQNX,12659
TLRY,20250717 09:30:09.342000,4718098,1,924373,0.6,NQNX,12659
TLRY,20250717 09:30:09.354000,4718218,1,924374,0.6,NQNX,12659
TLRY,20250717 09:30:09.355000,4718223,1,924375,0.6,NQNX,12659
TLRY,20250717 09:30:09.356000,4718225,1,924376,0.6,NQNX,12659
TLRY,20250717 09:30:09.361000,4718268,1,924377,0.6,NQNX,12659
TLRY,20250717 09:30:09.370000,4718457,1,924378,0.6,NQNX,12659
TLRY,20250717 09:30:09.370000,4718491,1,924379,0.6,NQNX,12659
TLRY,20250717 09:30:09.371000,4718499,1,924381,0.6,NQNX,12659
TLRY,20250717 09:30:09.371000,4718500,1,924382,0.6,NQNX,12659
TLRY,20250717 09:30:09.371000,4718505,1,924383,0.6,NQNX,12659
TLRY,20250717 09:30:09.371000,4718507,1,924384,0.6,NQNX,12659
TLRY,20250717 09:30:09.371000,4718514,1,924385,0.6,NQNX,12659
TLRY,20250717 09:30:09.371000,4718498,1,924380,0.6,NQNX,12659
TLRY,20250717 09:30:09.372000,4718532,1,924393,0.6,NQNX,12659
TLRY,20250717 09:30:09.372000,4718533,1,924394,0.6,NQNX,12659
TLRY,20250717 09:30:09.372000,4718530,1,924391,0.6,NQNX,12659
TLRY,20250717 09:30:09.372000,4718529,1,924390,0.6,NQNX,12659
TLRY,20250717 09:30:09.372000,4718528,1,924389,0.6,NQNX,12659
TLRY,20250717 09:30:09.372000,4718526,1,924388,0.6,NQNX,12659
TLRY,20250717 09:30:09.372000,4718525,1,924387,0.6,NQNX,12659
TLRY,20250717 09:30:09.372000,4718531,1,924392,0.6,NQNX,12659
TLRY,20250717 09:30:09.372000,4718521,1,924386,0.6,NQNX,12659
TLRY,20250717 09:30:09.375000,4718543,1,924395,0.6,NQNX,12659
TLRY,20250717 09:30:09.390000,4718765,1,924396,0.6,NQNX,12659
TLRY,20250717 09:30:09.406000,4719154,1,924397,0.6,NQNX,12659
TLRY,20250717 09:30:09.410000,4719204,1,924398,0.6,NQNX,12659
TLRY,20250717 09:30:09.429000,4719489,2,924400,0.6,NQNX,12659
TLRY,20250717 09:30:09.448000,4719593,1,924401,0.6,NQNX,12659
TLRY,20250717 09:30:09.457000,4719642,1,924402,0.6,NQNX,12659
TLRY,20250717 09:30:09.471000,4719723,1,924403,0.6,NQNX,12659
TLRY,20250717 09:30:09.473000,4719746,1,924404,0.6,NQNX,12659
TLRY,20250717 09:30:09.474000,4719750,1,924405,0.6,NQNX,12659
TLRY,20250717 09:30:09.487000,4719850,2,924407,0.6,NQNX,12659
TLRY,20250717 09:30:09.518000,4720312,29,924436,0.6,NQNX,12659
TLRY,20250717 09:30:09.527000,4720513,1,924437,0.6,NQNX,12659
TLRY,20250717 09:30:09.533000,4720593,1,924438,0.6,NQNX,12659
TLRY,20250717 09:30:09.549000,4720887,1,924442,0.6,NQNX,12659
TLRY,20250717 09:30:09.549000,4720886,1,924441,0.6,NQNX,12659
TLRY,20250717 09:30:09.549000,4720885,1,924440,0.6,NQNX,12659
TLRY,20250717 09:30:09.549000,4720883,1,924439,0.6,NQNX,12659
TLRY,20250717 09:30:09.549000,4720888,1,924443,0.6,NQNX,12659
TLRY,20250717 09:30:09.550000,4720908,1,924457,0.6,NQNX,12659
TLRY,20250717 09:30:09.550000,4720912,1,924461,0.6,NQNX,12659
TLRY,20250717 09:30:09.550000,4720905,1,924455,0.6,NQNX,12659
TLRY,20250717 09:30:09.550000,4720914,1,924463,0.6,NQNX,12659
TLRY,20250717 09:30:09.550000,4720915,1,924464,0.6,NQNX,12659
TLRY,20250717 09:30:09.550000,4720916,1,924465,0.6,NQNX,12659
TLRY,20250717 09:30:09.550000,4720904,1,924454,0.6,NQNX,12659
TLRY,20250717 09:30:09.550000,4720910,1,924459,0.6,NQNX,12659
TLRY,20250717 09:30:09.550000,4720906,1,924456,0.6,NQNX,12659
TLRY,20250717 09:30:09.550000,4720913,1,924462,0.6,NQNX,12659
TLRY,20250717 09:30:09.550000,4720911,1,924460,0.6,NQNX,12659
TLRY,20250717 09:30:09.550000,4720891,1,924444,0.6,NQNX,12659
TLRY,20250717 09:30:09.550000,4720899,1,924449,0.6,NQNX,12659
TLRY,20250717 09:30:09.550000,4720909,1,924458,0.6,NQNX,12659
TLRY,20250717 09:30:09.550000,4720903,1,924453,0.6,NQNX,12659
TLRY,20250717 09:30:09.550000,4720902,1,924452,0.6,NQNX,12659
TLRY,20250717 09:30:09.550000,4720901,1,924451,0.6,NQNX,12659
TLRY,20250717 09:30:09.550000,4720900,1,924450,0.6,NQNX,12659
TLRY,20250717 09:30:09.550000,4720892,1,924445,0.6,NQNX,12659
TLRY,20250717 09:30:09.550000,4720893,1,924446,0.6,NQNX,12659
TLRY,20250717 09:30:09.550000,4720896,1,924447,0.6,NQNX,12659
TLRY,20250717 09:30:09.550000,4720898,1,924448,0.6,NQNX,12659
TLRY,20250717 09:30:09.551000,4720922,1,924467,0.6,NQNX,12659
TLRY,20250717 09:30:09.551000,4720920,1,924466,0.6,NQNX,12659
TLRY,20250717 09:30:09.551000,4720925,1,924469,0.6,NQNX,12659
TLRY,20250717 09:30:09.551000,4720924,1,924468,0.6,NQNX,12659
TLRY,20250717 09:30:09.597000,4721594,1,924470,0.6,NQNX,12659
TLRY,20250717 09:30:09.613000,4721703,1,924471,0.6,NQNX,12659
TLRY,20250717 09:30:09.629000,4721799,1,924472,0.6,NQNX,12659
TLRY,20250717 09:30:09.720000,4722563,1,924473,0.6,NQNX,12659
TLRY,20250717 09:30:09.720000,4722577,1,924482,0.6,NQNX,12659
TLRY,20250717 09:30:09.720000,4722582,1,924485,0.6,NQNX,12659
TLRY,20250717 09:30:09.720000,4722581,1,924484,0.6,NQNX,12659
TLRY,20250717 09:30:09.720000,4722579,1,924483,0.6,NQNX,12659
TLRY,20250717 09:30:09.720000,4722564,1,924474,0.6,NQNX,12659
TLRY,20250717 09:30:09.720000,4722572,1,924481,0.6,NQNX,12659
TLRY,20250717 09:30:09.720000,4722570,1,924479,0.6,NQNX,12659
TLRY,20250717 09:30:09.720000,4722565,1,924475,0.6,NQNX,12659
TLRY,20250717 09:30:09.720000,4722567,1,924476,0.6,NQNX,12659
TLRY,20250717 09:30:09.720000,4722571,1,924480,0.6,NQNX,12659
TLRY,20250717 09:30:09.720000,4722569,1,924478,0.6,NQNX,12659
TLRY,20250717 09:30:09.720000,4722568,1,924477,0.6,NQNX,12659
TLRY,20250717 09:30:09.721000,4722585,1,924486,0.6,NQNX,12659
TLRY,20250717 09:30:11.257000,4746498,100,924586,0.6,NQEX,12639
TLRY,20250717 09:30:11.257000,4746499,41,924627,0.6,NQEX,12659
TLRY,20250717 09:30:11.258000,4746518,859,925486,0.6,PACF,12544
TLRY,20250717 09:30:11.272000,4746597,116,925602,0.6,NQNX,12544
TLRY,20250717 09:30:11.643000,4752095,40,925642,0.6,NQNX,12659
TLRY,20250717 09:30:11.755000,4753077,1,925643,0.6,NQNX,12659
TLRY,20250717 09:30:11.831000,4753785,1,925645,0.6,NQNX,12659
TLRY,20250717 09:30:11.831000,4753784,1,925644,0.6,NQNX,12659
TLRY,20250717 09:30:11.832000,4753786,1,925646,0.6,NQNX,12659
TLRY,20250717 09:30:11.832000,4753787,1,925647,0.6,NQNX,12659
TLRY,20250717 09:30:11.832000,4753789,1,925648,0.6,NQNX,12659
TLRY,20250717 09:30:11.833000,4753822,1,925653,0.6,NQNX,12659
TLRY,20250717 09:30:11.833000,4753823,1,925654,0.6,NQNX,12659
TLRY,20250717 09:30:11.833000,4753824,1,925655,0.6,NQNX,12659
TLRY,20250717 09:30:11.833000,4753825,1,925656,0.6,NQNX,12659
TLRY,20250717 09:30:11.833000,4753821,1,925652,0.6,NQNX,12659
TLRY,20250717 09:30:11.833000,4753814,1,925650,0.6,NQNX,12659
TLRY,20250717 09:30:11.833000,4753813,1,925649,0.6,NQNX,12659
TLRY,20250717 09:30:11.833000,4753820,1,925651,0.6,NQNX,12659
TLRY,20250717 09:30:11.834000,4753833,1,925663,0.6,NQNX,12659
TLRY,20250717 09:30:11.834000,4753835,1,925664,0.6,NQNX,12659
TLRY,20250717 09:30:11.834000,4753840,1,925665,0.6,NQNX,12659
TLRY,20250717 09:30:11.834000,4753841,1,925666,0.6,NQNX,12659
TLRY,20250717 09:30:11.834000,4753842,1,925667,0.6,NQNX,12659
TLRY,20250717 09:30:11.834000,4753832,1,925662,0.6,NQNX,12659
TLRY,20250717 09:30:11.834000,4753830,1,925661,0.6,NQNX,12659
TLRY,20250717 09:30:11.834000,4753829,1,925660,0.6,NQNX,12659
TLRY,20250717 09:30:11.834000,4753828,1,925659,0.6,NQNX,12659
TLRY,20250717 09:30:11.834000,4753827,1,925658,0.6,NQNX,12659
TLRY,20250717 09:30:11.834000,4753826,1,925657,0.6,NQNX,12659
TLRY,20250717 09:30:11.834000,4753843,1,925668,0.6,NQNX,12659
TLRY,20250717 09:30:11.835000,4753845,1,925669,0.6,NQNX,12659
TLRY,20250717 09:30:11.835000,4753848,1,925671,0.6,NQNX,12659
TLRY,20250717 09:30:11.835000,4753846,1,925670,0.6,NQNX,12659
TLRY,20250717 09:30:12.262000,4757452,1,925672,0.6,NQNX,12659
TLRY,20250717 09:30:12.526000,4759548,1,925673,0.6,NQNX,12659
TLRY,20250717 09:30:16.489000,4789705,5,925678,0.6,NQNX,12659
TLRY,20250717 09:30:16.883000,4792441,3750,929428,0.6,NTRF,12544
TLRY,20250717 09:30:17.461000,4796389,1,929429,0.6,NQNX,12659
TLRY,20250717 09:30:18.199000,4802668,16,929445,0.6,NQNX,12659
TLRY,20250717 09:30:18.337000,4803651,1,929446,0.6,NQNX,12659
TLRY,20250717 09:30:18.808000,4806813,1,929447,0.6,NQNX,12659
TLRY,20250717 09:30:21.065000,4819198,6000,935447,0.6,NTRF,12544
TLRY,20250717 09:30:22.393000,4824735,1,935448,0.6,NQNX,12659
TLRY,20250717 09:30:22.393000,4824741,1,935451,0.6,NQNX,12659
TLRY,20250717 09:30:22.393000,4824743,1,935452,0.6,NQNX,12659
TLRY,20250717 09:30:22.393000,4824737,1,935449,0.6,NQNX,12659
TLRY,20250717 09:30:22.393000,4824739,1,935450,0.6,NQNX,12659
TLRY,20250717 09:30:22.394000,4824753,1,935457,0.6,NQNX,12659
TLRY,20250717 09:30:22.394000,4824752,1,935456,0.6,NQNX,12659
TLRY,20250717 09:30:22.394000,4824751,1,935455,0.6,NQNX,12659
TLRY,20250717 09:30:22.394000,4824748,1,935453,0.6,NQNX,12659
TLRY,20250717 09:30:22.394000,4824754,1,935458,0.6,NQNX,12659
TLRY,20250717 09:30:22.394000,4824750,1,935454,0.6,NQNX,12659
TLRY,20250717 09:30:22.394000,4824755,1,935459,0.6,NQNX,12659
TLRY,20250717 09:30:22.394000,4824764,1,935464,0.6,NQNX,12659
TLRY,20250717 09:30:22.394000,4824767,1,935465,0.6,NQNX,12659
TLRY,20250717 09:30:22.394000,4824769,1,935467,0.6,NQNX,12659
TLRY,20250717 09:30:22.394000,4824770,1,935468,0.6,NQNX,12659
TLRY,20250717 09:30:22.394000,4824758,1,935462,0.6,NQNX,12659
TLRY,20250717 09:30:22.394000,4824757,1,935461,0.6,NQNX,12659
TLRY,20250717 09:30:22.394000,4824756,1,935460,0.6,NQNX,12659
TLRY,20250717 09:30:22.394000,4824761,1,935463,0.6,NQNX,12659
TLRY,20250717 09:30:22.394000,4824768,1,935466,0.6,NQNX,12659
TLRY,20250717 09:30:22.395000,4824772,1,935470,0.6,NQNX,12659
TLRY,20250717 09:30:22.395000,4824773,1,935471,0.6,NQNX,12659
TLRY,20250717 09:30:22.395000,4824771,1,935469,0.6,NQNX,12659
TLRY,20250717 09:30:22.436000,4825073,1,935472,0.6,NQNX,12659
TLRY,20250717 09:30:22.564000,4825713,1,935473,0.6,NQNX,12659
TLRY,20250717 09:30:22.564000,4825714,1,935474,0.6,NQNX,12659
TLRY,20250717 09:30:22.564000,4825715,1,935475,0.6,NQNX,12659
TLRY,20250717 09:30:22.564000,4825719,1,935479,0.6,NQNX,12659
TLRY,20250717 09:30:22.564000,4825716,1,935476,0.6,NQNX,12659
TLRY,20250717 09:30:22.564000,4825717,1,935477,0.6,NQNX,12659
TLRY,20250717 09:30:22.564000,4825720,1,935480,0.6,NQNX,12659
TLRY,20250717 09:30:22.564000,4825718,1,935478,0.6,NQNX,12659
TLRY,20250717 09:30:22.565000,4825725,1,935484,0.6,NQNX,12659
TLRY,20250717 09:30:22.565000,4825721,1,935481,0.6,NQNX,12659
TLRY,20250717 09:30:22.565000,4825723,1,935483,0.6,NQNX,12659
TLRY,20250717 09:30:22.565000,4825722,1,935482,0.6,NQNX,12659
TLRY,20250717 09:30:22.565000,4825740,1,935498,0.6,NQNX,12659
TLRY,20250717 09:30:22.565000,4825738,1,935496,0.6,NQNX,12659
TLRY,20250717 09:30:22.565000,4825737,1,935495,0.6,NQNX,12659
TLRY,20250717 09:30:22.565000,4825736,1,935494,0.6,NQNX,12659
TLRY,20250717 09:30:22.565000,4825739,1,935497,0.6,NQNX,12659
TLRY,20250717 09:30:22.565000,4825728,1,935486,0.6,NQNX,12659
TLRY,20250717 09:30:22.565000,4825729,1,935487,0.6,NQNX,12659
TLRY,20250717 09:30:22.565000,4825730,1,935488,0.6,NQNX,12659
TLRY,20250717 09:30:22.565000,4825727,1,935485,0.6,NQNX,12659
TLRY,20250717 09:30:22.565000,4825734,1,935492,0.6,NQNX,12659
TLRY,20250717 09:30:22.565000,4825731,1,935489,0.6,NQNX,12659
TLRY,20250717 09:30:22.565000,4825735,1,935493,0.6,NQNX,12659
TLRY,20250717 09:30:22.565000,4825732,1,935490,0.6,NQNX,12659
TLRY,20250717 09:30:22.565000,4825733,1,935491,0.6,NQNX,12659
TLRY,20250717 09:30:22.566000,4825741,1,935499,0.6,NQNX,12659
TLRY,20250717 09:30:23.369000,4830897,1,935500,0.6,NQNX,12659
TLRY,20250717 09:30:26.585000,4851019,1,935502,0.6,NQNX,12659
TLRY,20250717 09:30:26.585000,4851020,1,935503,0.6,NQNX,12659
TLRY,20250717 09:30:26.585000,4851018,1,935501,0.6,NQNX,12659
TLRY,20250717 09:30:26.585000,4851021,1,935504,0.6,NQNX,12659
TLRY,20250717 09:30:27.419000,4855416,1,935505,0.6,NQNX,12640
TLRY,20250717 09:30:28.509000,4862122,854,936359,0.6,NQNX,12544
TLRY,20250717 09:30:28.996000,4864954,1,936360,0.6,NQNX,12659
TLRY,20250717 09:30:42.773000,4939443,13868,950228,0.6,NQNX,12544
TLRY,20250717 09:30:44.555000,4947377,30,950258,0.6,NQNX,12659
TLRY,20250717 09:30:45.195000,4950875,625,950883,0.6,NQNX,12544
TLRY,20250717 09:30:47.107000,4959704,41,950924,0.6,NTRF,12659
TLRY,20250717 09:30:47.809000,4963481,793,951717,0.6,NTRF,12544
TLRY,20250717 09:30:48.331000,4965252,10,951727,0.6,NQNX,12659
TLRY,20250717 09:30:52.144000,4982420,5000,956727,0.6,NQNX,12544
TLRY,20250717 09:30:52.296000,4983092,8,956735,0.6,NQNX,12659
TLRY,20250717 09:30:56.174000,4998839,740,957475,0.6,NQNX,12544
TLRY,20250717 09:30:57.702000,5005491,1,957476,0.6,NQNX,12659
TLRY,20250717 09:30:58.391000,5007763,300,957876,0.6,NQNX,12544
TLRY,20250717 09:30:58.391000,5007761,100,957576,0.6,NQEX,12544
TLRY,20250717 09:30:58.392000,5007784,20300,988276,0.6,NQNX,12544
TLRY,20250717 09:30:58.392000,5007783,200,967976,0.6,NQNX,12544
TLRY,20250717 09:30:58.392000,5007782,200,967776,0.6,NQNX,12544
TLRY,20250717 09:30:58.392000,5007781,200,967576,0.6,NQNX,12544
TLRY,20250717 09:30:58.392000,5007780,200,967376,0.6,NQNX,12544
TLRY,20250717 09:30:58.392000,5007778,200,967176,0.6,NQNX,12544
TLRY,20250717 09:30:58.392000,5007770,200,966376,0.6,NQNX,12544
TLRY,20250717 09:30:58.392000,5007767,8300,966176,0.6,NQNX,12544
TLRY,20250717 09:30:58.392000,5007777,200,966976,0.6,NQNX,12544
TLRY,20250717 09:30:58.392000,5007775,200,966576,0.6,NQNX,12544
TLRY,20250717 09:30:58.392000,5007776,200,966776,0.6,NQNX,12544
TLRY,20250717 09:30:58.393000,5007785,700,988976,0.6,NQNX,12544
TLRY,20250717 09:30:58.400000,5007814,18300,1007276,0.6,NQNX,12544
TLRY,20250717 09:30:58.403000,5007866,200,1007476,0.6,NQNX,12544
TLRY,20250717 09:31:03.530000,5038188,430,1007906,0.6,NQNX,12544
TLRY,20250717 09:31:04.471000,5047701,25,1007931,0.6,NQNX,12659
TLRY,20250717 09:31:05.258000,5055800,38,1007969,0.6,NQNX,12659
TLRY,20250717 09:31:05.843000,5059609,36,1008005,0.6,NQNX,12659
TLRY,20250717 09:31:09.035000,5077002,100,1008105,0.6,NQNX,12544
TLRY,20250717 09:31:09.471000,5080532,9500,1017605,0.6,NQNX,12544
TLRY,20250717 09:31:11.283000,5091257,1,1017606,0.6,NQNX,12659
TLRY,20250717 09:31:13.941000,5107461,1,1017607,0.6,NQEX,12659
TLRY,20250717 09:31:16.605000,5121902,331,1017938,0.6,NQNX,12544
TLRY,20250717 09:31:17.588000,5126139,556,1018494,0.6,NQNX,12544
TLRY,20250717 09:31:17.591000,5126143,1,1018495,0.6,NQNX,12659
TLRY,20250717 09:31:17.613000,5126245,1,1018496,0.6,NQNX,12659
TLRY,20250717 09:31:17.864000,5127232,9500,1027996,0.6,NQNX,12544
TLRY,20250717 09:31:20.218000,5141703,7,1028003,0.6,NQNX,12659
TLRY,20250717 09:31:20.677000,5144944,11,1028014,0.6,NQNX,12659
TLRY,20250717 09:31:20.689000,5144965,1,1028015,0.6,NQNX,12640
TLRY,20250717 09:31:21.377000,5149987,1,1028016,0.6,NQNX,12659
TLRY,20250717 09:31:29.312000,5196214,75,1028091,0.6,NQNX,12659
TLRY,20250717 09:31:29.853000,5198667,1,1028092,0.6,NQNX,12659
TLRY,20250717 09:31:29.931000,5198995,500,1028592,0.6,NQNX,12544
TLRY,20250717 09:31:31.931000,5211634,66,1028658,0.6,NQNX,12659
TLRY,20250717 09:31:33.415000,5219578,100,1028758,0.6,NQEX,12544
TLRY,20250717 09:31:33.423000,5219609,1000,1029758,0.6,NQNX,12544
TLRY,20250717 09:31:33.425000,5219613,1000,1030758,0.6,NTRF,12544
TLRY,20250717 09:31:33.767000,5221602,17,1030775,0.6,NQNX,12659
TLRY,20250717 09:31:34.214000,5223742,48,1030823,0.6,NQNX,12659
TLRY,20250717 09:31:34.226000,5223778,1,1030824,0.6,NQNX,12640
TLRY,20250717 09:31:34.454000,5225352,46,1030870,0.6,NTRF,12659
TLRY,20250717 09:31:38.799000,5251572,1,1030871,0.6,NQNX,12659
TLRY,20250717 09:31:40.804000,5264182,3,1030874,0.6,NQNX,12659
TLRY,20250717 09:31:45.534000,5289168,1500,1032374,0.6,NQNX,12544
TLRY,20250717 09:31:45.690000,5289869,1,1032375,0.6,NQNX,12659
TLRY,20250717 09:31:48.742000,5306351,8,1032383,0.6,NQNX,12659
TLRY,20250717 09:31:50.558000,5316541,17,1032400,0.6,NQNX,12659
TLRY,20250717 09:31:51.263000,5319979,1,1032401,0.6,NQNX,12659
TLRY,20250717 09:31:51.732000,5322851,1,1032402,0.6,NQNX,12659
TLRY,20250717 09:31:52.993000,5328300,3,1032405,0.6,NQNX,12659
TLRY,20250717 09:32:00.620000,5364380,1,1032406,0.6,NQNX,12659
TLRY,20250717 09:32:03.944000,5384484,100,1032506,0.6,NQEX,12544
TLRY,20250717 09:32:03.948000,5384497,100,1032606,0.6,IEX,12544
TLRY,20250717 09:32:03.950000,5384499,100,1032806,0.6,NQNX,12544
TLRY,20250717 09:32:03.950000,5384498,100,1032706,0.6,NQNX,12544
TLRY,20250717 09:32:03.951000,5384502,105,1032911,0.6,IEX,12544
TLRY,20250717 09:32:04.547000,5388481,123,1033034,0.6,NQNX,12544
TLRY,20250717 09:32:04.825000,5389638,1,1033035,0.6,NQNX,12659
TLRY,20250717 09:32:08.088000,5408080,100,1033135,0.6,NQNX,12544
TLRY,20250717 09:32:10.074000,5415725,1657,1034792,0.6,NQNX,12544
TLRY,20250717 09:32:10.234000,5416482,1,1034793,0.6,NQNX,12659
TLRY,20250717 09:32:10.338000,5417042,1,1034794,0.6,NQNX,12659
TLRY,20250717 09:32:10.580000,5418194,74,1034868,0.6,NQNX,12659
TLRY,20250717 09:32:10.874000,5420657,1,1034869,0.6,NQNX,12659
TLRY,20250717 09:32:10.972000,5421149,2000,1037269,0.6,NQNX,12544
TLRY,20250717 09:32:10.972000,5421145,100,1035269,0.6,NQNX,12544
TLRY,20250717 09:32:10.972000,5421143,300,1035169,0.6,NQNX,12544
TLRY,20250717 09:32:10.973000,5421169,300,1039869,0.6,IEX,12544
TLRY,20250717 09:32:10.973000,5421164,1300,1039569,0.6,NQNX,12544
TLRY,20250717 09:32:10.973000,5421161,700,1038169,0.6,NQNX,12544
TLRY,20250717 09:32:10.973000,5421158,95,1037364,0.6,IEX,12659
TLRY,20250717 09:32:10.973000,5421163,100,1038269,0.6,NQNX,12544
TLRY,20250717 09:32:10.973000,5421159,105,1037469,0.6,IEX,12544
TLRY,20250717 09:32:10.974000,5421181,100,1039969,0.6,NQNX,12544
TLRY,20250717 09:32:10.975000,5421189,95,1042464,0.6,NQNX,12659
TLRY,20250717 09:32:10.975000,5421190,700,1043164,0.6,NQNX,12544
TLRY,20250717 09:32:10.975000,5421187,2000,1042369,0.6,NQNX,12544
TLRY,20250717 09:32:10.975000,5421185,100,1040369,0.6,NQNX,12544
TLRY,20250717 09:32:10.975000,5421183,300,1040269,0.6,NQNX,12544
TLRY,20250717 09:32:10.976000,5421194,105,1043269,0.6,NQNX,12544
TLRY,20250717 09:32:10.976000,5421195,1300,1044569,0.6,NQNX,12544
TLRY,20250717 09:32:10.976000,5421198,300,1044869,0.6,NQNX,12544
TLRY,20250717 09:32:18.898000,5464524,1,1044870,0.6,NQNX,12659
TLRY,20250717 09:32:21.099000,5475286,1000,1045870,0.6,NTRF,12544
TLRY,20250717 09:32:23.688000,5488639,200,1046070,0.6,NQNX,12544
TLRY,20250717 09:32:24.917000,5494761,1,1046071,0.6,NQNX,12659
TLRY,20250717 09:32:25.274000,5496518,1,1046072,0.6,NQNX,12659
TLRY,20250717 09:32:26.230000,5500604,2995,1049072,0.6,NQNX,12544
TLRY,20250717 09:32:26.230000,5500601,5,1046077,0.6,NQNX,12659
TLRY,20250717 09:32:27.733000,5507123,250,1049322,0.6,NTRF,12544
TLRY,20250717 09:32:28.491000,5512244,1,1049323,0.6,NQNX,12659
TLRY,20250717 09:32:32.575000,5531886,41,1049364,0.6,NQNX,12659
TLRY,20250717 09:32:36.189000,5555360,4884,1054248,0.6,NQNX,12544
TLRY,20250717 09:32:36.857000,5559445,1,1054249,0.6,NQNX,12659
TLRY,20250717 09:32:37.355000,5563273,7300,1061549,0.6,NQNX,12544
TLRY,20250717 09:32:37.357000,5563286,3600,1065149,0.6,NQNX,12544
TLRY,20250717 09:32:37.360000,5563294,13600,1078749,0.6,NTRF,12544
TLRY,20250717 09:32:37.792000,5565790,1,1078750,0.6,NQNX,12659
TLRY,20250717 09:32:41.689000,5593730,51,1078801,0.6,NQNX,12659
TLRY,20250717 09:32:41.773000,5593978,400,1079201,0.6,NQNX,12544
TLRY,20250717 09:32:42.030000,5595835,1,1079202,0.6,NQNX,12659
TLRY,20250717 09:32:45.453000,5613488,124,1079326,0.6,NQNX,12544
TLRY,20250717 09:32:46.070000,5616208,1,1079327,0.6,NQNX,12659
TLRY,20250717 09:32:47.745000,5624121,1,1079328,0.6,NQNX,12659
TLRY,20250717 09:32:48.512000,5626711,5,1079333,0.6,NQNX,12659
TLRY,20250717 09:32:50.171000,5634775,100,1079433,0.6,NQNX,12544
TLRY,20250717 09:32:50.371000,5635850,6333,1085766,0.6,NQNX,12544
TLRY,20250717 09:32:53.568000,5648743,700,1086466,0.6,NQNX,12544
TLRY,20250717 09:32:53.570000,5648746,1400,1087866,0.6,NQNX,12544
TLRY,20250717 09:32:53.570000,5648747,2800,1090666,0.6,NQNX,12544
TLRY,20250717 09:32:53.570000,5648748,100,1090766,0.6,NQNX,12544
TLRY,20250717 09:32:54.966000,5654572,33,1090799,0.6,NQNX,12659
TLRY,20250717 09:32:55.466000,5656200,16,1090815,0.6,NQNX,12659
TLRY,20250717 09:32:55.674000,5657009,1,1090816,0.6,NQNX,12659
TLRY,20250717 09:32:56.014000,5658089,322,1091138,0.6,NQNX,12544
TLRY,20250717 09:32:56.026000,5658136,1,1091139,0.6,NQNX,12640
TLRY,20250717 09:32:56.208000,5658866,1,1091140,0.6,NQNX,12659
TLRY,20250717 09:32:56.744000,5663648,21460,1112600,0.6,NQNX,12544
TLRY,20250717 09:32:56.744000,5663651,2000,1114600,0.6,NQNX,12544
TLRY,20250717 09:32:59.789000,5675067,900,1115500,0.6,NQNX,12544
TLRY,20250717 09:32:59.796000,5675086,100,1115600,0.6,NQEX,12544
TLRY,20250717 09:32:59.799000,5675097,100,1115700,0.6,NQNX,12544
TLRY,20250717 09:32:59.799000,5675098,100,1115800,0.6,NQNX,12544
TLRY,20250717 09:32:59.799000,5675099,100,1115900,0.6,NQNX,12544
TLRY,20250717 09:32:59.799000,5675100,100,1116000,0.6,NQNX,12544
TLRY,20250717 09:32:59.799000,5675101,100,1116100,0.6,NQNX,12544
TLRY,20250717 09:32:59.800000,5675103,100,1116200,0.6,NQNX,12544
TLRY,20250717 09:32:59.800000,5675104,100,1116300,0.6,NQNX,12544
TLRY,20250717 09:32:59.803000,5675108,3300,1119600,0.6,NQNX,12544
TLRY,20250717 09:33:00.035000,5676156,170,1119770,0.6,NTRF,12544
TLRY,20250717 09:33:00.551000,5678203,1,1119771,0.6,NQNX,12659
TLRY,20250717 09:33:02.915000,5689587,90,1119861,0.6,NQNX,12659
TLRY,20250717 09:33:05.632000,5705981,467,1120328,0.6,NQNX,12544
TLRY,20250717 09:33:05.633000,5705982,1,1120329,0.6,NQNX,12640
TLRY,20250717 09:33:06.987000,5712885,651,1120980,0.6,NQNX,12544
TLRY,20250717 09:33:07.271000,5714059,1,1120981,0.6,NQNX,12659
TLRY,20250717 09:33:09.208000,5723689,200,1121181,0.6,NQNX,12544
TLRY,20250717 09:33:10.643000,5730019,100,1121431,0.6,MEMX,12544
TLRY,20250717 09:33:10.643000,5730021,900,1123231,0.6,MEMX,12544
TLRY,20250717 09:33:10.643000,5730020,900,1122331,0.6,MEMX,12544
TLRY,20250717 09:33:10.643000,5730018,150,1121331,0.6,PACF,12639
TLRY,20250717 09:33:10.643000,5730022,849,1124080,0.6,PACF,12544
TLRY,20250717 09:33:11.381000,5733713,1,1124081,0.6,NQNX,12659
TLRY,20250717 09:33:12.238000,5738075,3,1124084,0.6,NQNX,12659
TLRY,20250717 09:33:12.595000,5739587,1,1124085,0.6,NQNX,12659
TLRY,20250717 09:33:14.294000,5747811,10000,1134085,0.6,NTRF,12544
TLRY,20250717 09:33:15.795000,5753776,165,1134250,0.6,NQNX,12544
TLRY,20250717 09:33:19.220000,5770736,199,1134449,0.6,NQNX,12544
TLRY,20250717 09:33:20.229000,5775182,1,1134450,0.6,NQNX,12659
TLRY,20250717 09:33:20.850000,5777889,90,1134540,0.6,NQNX,12659
TLRY,20250717 09:33:24.830000,5796210,60,1134600,0.6,NQNX,12659
TLRY,20250717 09:33:25.036000,5797181,3000,1137600,0.6,NQNX,12544
TLRY,20250717 09:33:27.532000,5810461,4300,1141900,0.6,NQNX,12544
TLRY,20250717 09:33:27.533000,5810463,100,1142000,0.6,NQEX,12544
TLRY,20250717 09:33:27.533000,5810464,400,1142400,0.6,NQEX,12544
TLRY,20250717 09:33:27.533000,5810465,100,1142500,0.6,BATS,12544
TLRY,20250717 09:33:27.534000,5810473,1,1143902,0.6,PACF,12659
