SymbolId,CurrentTime,Index,Bid,BidSize,Ask,AskSize,BidCondition,AskCondition,BidExchange,AskExchange
TLRY,20250717 04:00:00.026000,0,0.59,90,0.98,3,BID_ASK_AUTO_EXEC,REGULAR,BATS,10247
TLRY,20250717 04:00:25.520000,0,0.6,1,0.65,1,REGULAR,REGULAR,EDGX,10305
TLRY,20250717 04:00:52.604000,0,0.6,1,0.62,8,REGULAR,REGULAR,EDGX,10241
TLRY,20250717 04:01:35.205000,0,0.6,1,0.62,12,REGULAR,REGULAR,EDGX,10247
TLRY,20250717 04:02:39.449000,0,0.61,2,0.61,1,REGULAR,REGULAR,PACF,10305
TLRY,20250717 04:02:39.449000,0,0.61,2,0.61,1,REGULAR,REGULAR,PACF,10305
TLRY,20250717 04:02:57.837000,0,0.6,5,0.6,4,REGULAR,REGULAR,PACF,10247
TLRY,20250717 04:02:57.837000,0,0.6,5,0.6,4,REGULAR,REGULAR,PACF,10247
TLRY,20250717 04:02:57.837000,0,0.6,5,0.6,4,REGULAR,REGULAR,PACF,10247
TLRY,20250717 04:02:57.837000,0,0.6,5,0.6,4,REGULAR,REGULAR,PACF,10247
TLRY,20250717 04:02:57.837000,0,0.6,5,0.6,4,REGULAR,REGULAR,PACF,10247
TLRY,20250717 04:02:57.839000,0,0.6,5,0.6,4,REGULAR,REGULAR,PACF,10247
TLRY,20250717 04:02:57.839000,0,0.6,5,0.6,4,REGULAR,REGULAR,PACF,10247
TLRY,20250717 04:02:57.839000,0,0.6,5,0.6,4,REGULAR,REGULAR,PACF,10247
TLRY,20250717 04:02:57.839000,0,0.6,5,0.6,4,REGULAR,REGULAR,PACF,10247
TLRY,20250717 04:03:29.200000,0,0.6,5,0.62,12,REGULAR,REGULAR,PACF,10247
TLRY,20250717 04:04:31.193000,0,0.6,5,0.62,12,REGULAR,REGULAR,PACF,10247
TLRY,20250717 04:04:56.306000,0,0.6,1,0.62,12,REGULAR,REGULAR,PACF,10241
TLRY,20250717 04:04:56.306000,0,0.6,1,0.62,12,REGULAR,REGULAR,PACF,10241
TLRY,20250717 04:05:22.787000,0,0.6,1,0.62,12,REGULAR,REGULAR,PACF,10247
TLRY,20250717 04:05:52.652000,0,0.6,1,0.62,12,REGULAR,REGULAR,PACF,10247
TLRY,20250717 04:10:04.769000,0,0.6,2,0.62,1,REGULAR,REGULAR,MEMX,10305
TLRY,20250717 04:13:17.506000,0,0.6,5,0.6,1,REGULAR,REGULAR,PACF,10247
TLRY,20250717 04:13:17.506000,0,0.6,5,0.6,1,REGULAR,REGULAR,PACF,10247
TLRY,20250717 04:13:17.506000,0,0.6,5,0.6,1,REGULAR,REGULAR,PACF,10247
TLRY,20250717 04:13:17.506000,0,0.6,5,0.6,1,REGULAR,REGULAR,PACF,10247
TLRY,20250717 04:13:28.305000,0,0.6,5,0.61,1,REGULAR,REGULAR,PACF,10241
TLRY,20250717 04:22:19.575000,0,0.6,5,0.6,234,REGULAR,REGULAR,EDGX,10241
TLRY,20250717 04:22:27.796000,0,0.6,5,0.6,234,REGULAR,REGULAR,EDGX,10241
TLRY,20250717 04:26:46.581000,0,0.6,5,0.6,234,REGULAR,REGULAR,EDGX,10241
TLRY,20250717 04:26:46.582000,0,0.6,5,0.6,234,REGULAR,REGULAR,EDGX,10241
TLRY,20250717 04:27:26.841000,0,0.6,3,0.6,234,REGULAR,REGULAR,EDGX,10241
TLRY,20250717 04:30:57.126000,0,0.6,1,0.6,234,REGULAR,REGULAR,EDGX,10241
TLRY,20250717 04:33:39.981000,0,0.6,1,0.6,234,REGULAR,REGULAR,EDGX,10241
TLRY,20250717 04:33:39.981000,0,0.6,1,0.6,234,REGULAR,REGULAR,EDGX,10241
TLRY,20250717 04:35:23.180000,0,0.6,1,0.6,1,REGULAR,REGULAR,EDGX,10247
TLRY,20250717 04:38:51.674000,0,0.6,1,0.6,234,REGULAR,REGULAR,EDGX,10241
TLRY,20250717 04:49:43.677000,0,0.6,3,0.6,10,REGULAR,REGULAR,EDGX,10247
TLRY,20250717 04:49:43.677000,0,0.6,3,0.6,10,REGULAR,REGULAR,EDGX,10247
TLRY,20250717 04:49:43.677000,0,0.6,3,0.6,10,REGULAR,REGULAR,EDGX,10247
TLRY,20250717 04:49:43.677000,0,0.6,3,0.6,10,REGULAR,REGULAR,EDGX,10247
TLRY,20250717 04:49:43.677000,0,0.6,3,0.6,10,REGULAR,REGULAR,EDGX,10247
TLRY,20250717 04:49:43.677000,0,0.6,3,0.6,10,REGULAR,REGULAR,EDGX,10247
TLRY,20250717 04:49:43.677000,0,0.6,3,0.6,10,REGULAR,REGULAR,EDGX,10247
TLRY,20250717 04:50:15.810000,0,0.6,3,0.6,10,REGULAR,REGULAR,EDGX,10247
TLRY,20250717 04:51:12.403000,0,0.6,3,0.6,10,REGULAR,REGULAR,EDGX,10247
TLRY,20250717 04:56:52.272000,0,0.6,1,0.62,1,REGULAR,REGULAR,EDGX,10305
TLRY,20250717 04:58:21.454000,0,0.6,1,0.6,8,REGULAR,REGULAR,EDGX,10247
TLRY,20250717 04:58:21.454000,0,0.6,1,0.6,8,REGULAR,REGULAR,EDGX,10247
TLRY,20250717 04:58:21.454000,0,0.6,1,0.6,8,REGULAR,REGULAR,EDGX,10247
TLRY,20250717 05:02:29.098000,0,0.6,1,0.6,14,REGULAR,REGULAR,EDGX,10305
TLRY,20250717 05:02:41.430000,0,0.6,1,0.6,14,REGULAR,REGULAR,EDGX,10305
TLRY,20250717 05:03:42.732000,0,0.6,10,0.6,14,REGULAR,REGULAR,PACF,10305
TLRY,20250717 05:04:46.922000,0,0.6,10,0.6,14,REGULAR,REGULAR,PACF,10305
TLRY,20250717 05:06:30.228000,0,0.6,9,0.6,14,REGULAR,REGULAR,PACF,10305
TLRY,20250717 05:09:09.422000,0,0.6,8,0.6,8,REGULAR,REGULAR,PACF,10247
TLRY,20250717 05:09:20.438000,0,0.6,8,0.6,8,REGULAR,REGULAR,PACF,10247
TLRY,20250717 05:13:04.486000,0,0.6,8,0.6,7,REGULAR,REGULAR,PACF,10247
TLRY,20250717 05:13:13.217000,0,0.6,2,0.62,1,REGULAR,REGULAR,PACF,10305
TLRY,20250717 05:13:13.217000,0,0.6,2,0.62,1,REGULAR,REGULAR,PACF,10305
TLRY,20250717 05:25:50.912000,0,0.6,5,0.62,1,REGULAR,REGULAR,EDGX,10305
TLRY,20250717 05:25:56.656000,0,0.6,1,0.61,3,REGULAR,REGULAR,PACF,10241
TLRY,20250717 05:26:37.169000,0,0.6,8,0.6,1,REGULAR,REGULAR,PACF,10247
TLRY,20250717 05:26:37.169000,0,0.6,8,0.6,1,REGULAR,REGULAR,PACF,10247
TLRY,20250717 05:26:37.169000,0,0.6,8,0.6,1,REGULAR,REGULAR,PACF,10247
TLRY,20250717 05:27:39.030000,0,0.6,5,0.62,1,REGULAR,REGULAR,PACF,10305
TLRY,20250717 05:33:01.364000,0,0.6,5,0.62,1,REGULAR,REGULAR,PACF,10305
TLRY,20250717 05:33:01.369000,0,0.6,1,0.62,1,REGULAR,REGULAR,EDGX,10305
TLRY,20250717 05:33:01.375000,0,0.59,1,0.61,3,REGULAR,REGULAR,PACF,10241
TLRY,20250717 05:33:01.375000,0,0.59,1,0.61,3,REGULAR,REGULAR,PACF,10241
TLRY,20250717 05:33:01.375000,0,0.59,1,0.61,3,REGULAR,REGULAR,PACF,10241
TLRY,20250717 05:33:01.382000,0,0.59,1,0.6,1,REGULAR,REGULAR,PACF,10247
TLRY,20250717 05:33:01.382000,0,0.59,1,0.6,1,REGULAR,REGULAR,PACF,10247
TLRY,20250717 05:41:59.521000,0,0.59,1,0.62,1,REGULAR,REGULAR,PACF,10305
TLRY,20250717 05:45:54.770000,0,0.6,1,0.62,1,REGULAR,REGULAR,PACF,10305
TLRY,20250717 05:47:57.357000,0,0.61,95,0.62,1,REGULAR,REGULAR,NQEX,10305
TLRY,20250717 05:48:01.788000,0,0.61,92,0.62,1,REGULAR,REGULAR,NQEX,10305
TLRY,20250717 05:54:31.939000,0,0.61,90,0.62,1,REGULAR,REGULAR,NQEX,10305
TLRY,20250717 05:58:18.679000,0,0.61,90,0.62,1,REGULAR,REGULAR,NQEX,10305
TLRY,20250717 06:01:53.849000,0,0.61,90,0.62,1,REGULAR,REGULAR,NQEX,10305
TLRY,20250717 06:02:26.993000,0,0.61,90,0.62,1,REGULAR,REGULAR,NQEX,10305
TLRY,20250717 06:12:02.726000,0,0.61,14,0.62,1,REGULAR,REGULAR,EDGX,10305
TLRY,20250717 06:13:03.159000,0,0.61,13,0.62,1,REGULAR,REGULAR,EDGX,10305
TLRY,20250717 06:14:33.682000,0,0.61,13,0.62,1,REGULAR,REGULAR,EDGX,10305
TLRY,20250717 06:18:29.567000,0,0.61,13,0.62,1,REGULAR,REGULAR,EDGX,10305
TLRY,20250717 06:27:11.722000,0,0.61,8,0.62,1,REGULAR,REGULAR,EDGX,10305
TLRY,20250717 06:27:11.722000,0,0.61,8,0.62,1,REGULAR,REGULAR,EDGX,10305
TLRY,20250717 06:27:11.722000,0,0.61,8,0.62,1,REGULAR,REGULAR,EDGX,10305
TLRY,20250717 06:42:38.372000,0,0.61,8,0.62,1,REGULAR,REGULAR,EDGX,10305
TLRY,20250717 06:47:41.999000,0,0.61,5,0.62,1,REGULAR,REGULAR,EDGX,10305
TLRY,20250717 06:47:41.999000,0,0.61,5,0.62,1,REGULAR,REGULAR,EDGX,10305
TLRY,20250717 06:48:14.484000,0,0.61,5,0.62,1,REGULAR,REGULAR,MEMX,10305
TLRY,20250717 06:53:30.483000,0,0.61,5,0.62,1,REGULAR,REGULAR,EDGX,10305
TLRY,20250717 06:59:18.152000,0,0.61,16,0.62,1,REGULAR,REGULAR,EDGX,10305
TLRY,20250717 06:59:18.152000,0,0.61,16,0.62,1,REGULAR,REGULAR,EDGX,10305
TLRY,20250717 07:00:00.019000,0,0.61,16,0.62,1,REGULAR,REGULAR,EDGX,10305
TLRY,20250717 07:00:00.027000,0,0.61,16,0.62,1,REGULAR,REGULAR,EDGX,10305
TLRY,20250717 07:00:00.030000,0,0.61,16,0.62,1,REGULAR,REGULAR,EDGX,10305
TLRY,20250717 07:00:00.074000,0,0.61,16,0.62,1,REGULAR,REGULAR,EDGX,10305
TLRY,20250717 07:00:00.074000,0,0.61,16,0.62,1,REGULAR,REGULAR,EDGX,10305
TLRY,20250717 07:00:00.074000,0,0.61,16,0.62,1,REGULAR,REGULAR,EDGX,10305
TLRY,20250717 07:00:00.197000,0,0.61,16,0.62,24,REGULAR,REGULAR,EDGX,10305
TLRY,20250717 07:00:00.199000,0,0.61,16,0.62,24,REGULAR,REGULAR,EDGX,10305
TLRY,20250717 07:00:00.213000,0,0.61,16,0.62,24,REGULAR,REGULAR,EDGX,10305
TLRY,20250717 07:00:00.213000,0,0.61,16,0.62,24,REGULAR,REGULAR,EDGX,10305
TLRY,20250717 07:00:00.213000,0,0.61,16,0.62,24,REGULAR,REGULAR,EDGX,10305
TLRY,20250717 07:00:00.213000,0,0.61,16,0.62,24,REGULAR,REGULAR,EDGX,10305
TLRY,20250717 07:00:00.219000,0,0.61,16,0.62,24,REGULAR,REGULAR,EDGX,10305
TLRY,20250717 07:00:00.264000,0,0.61,16,0.62,24,REGULAR,REGULAR,EDGX,10305
TLRY,20250717 07:00:00.269000,0,0.61,16,0.62,24,REGULAR,REGULAR,EDGX,10305
TLRY,20250717 07:01:54.606000,0,0.61,16,0.61,24,REGULAR,REGULAR,EDGX,10313
TLRY,20250717 07:02:14.155000,0,0.61,16,0.61,24,REGULAR,REGULAR,EDGX,10313
TLRY,20250717 07:02:24.283000,0,0.61,16,0.61,24,REGULAR,REGULAR,EDGX,10313
TLRY,20250717 07:02:34.413000,0,0.61,16,0.61,24,REGULAR,REGULAR,EDGX,10313
TLRY,20250717 07:02:54.061000,0,0.61,16,0.61,24,REGULAR,REGULAR,EDGX,10313
TLRY,20250717 07:03:03.166000,0,0.61,16,0.61,24,REGULAR,REGULAR,EDGX,10313
TLRY,20250717 07:03:12.256000,0,0.61,16,0.61,24,REGULAR,REGULAR,EDGX,10313
TLRY,20250717 07:03:39.921000,0,0.61,16,0.61,24,REGULAR,REGULAR,EDGX,10313
TLRY,20250717 07:03:49.376000,0,0.61,16,0.61,24,REGULAR,REGULAR,EDGX,10313
TLRY,20250717 07:03:59.110000,0,0.61,16,0.61,24,REGULAR,REGULAR,EDGX,10313
TLRY,20250717 07:04:05.286000,0,0.61,16,0.61,24,REGULAR,REGULAR,EDGX,10313
TLRY,20250717 07:04:08.071000,0,0.61,16,0.61,24,REGULAR,REGULAR,EDGX,10313
TLRY,20250717 07:04:27.290000,0,0.61,16,0.61,24,REGULAR,REGULAR,EDGX,10313
TLRY,20250717 07:04:36.338000,0,0.61,16,0.61,24,REGULAR,REGULAR,EDGX,10313
TLRY,20250717 07:04:45.691000,0,0.61,16,0.61,24,REGULAR,REGULAR,EDGX,10313
TLRY,20250717 07:05:04.954000,0,0.61,16,0.61,24,REGULAR,REGULAR,EDGX,10313
TLRY,20250717 07:05:13.753000,0,0.61,16,0.61,24,REGULAR,REGULAR,EDGX,10313
TLRY,20250717 07:05:37.829000,0,0.61,16,0.61,24,REGULAR,REGULAR,EDGX,10313
TLRY,20250717 07:05:49.513000,0,0.61,16,0.61,24,REGULAR,REGULAR,EDGX,10313
TLRY,20250717 07:06:12.178000,0,0.61,16,0.61,24,REGULAR,REGULAR,EDGX,10313
TLRY,20250717 07:06:40.082000,0,0.61,16,0.61,24,REGULAR,REGULAR,EDGX,10313
TLRY,20250717 07:06:49.365000,0,0.61,16,0.61,24,REGULAR,REGULAR,EDGX,10313
TLRY,20250717 07:06:59.404000,0,0.61,16,0.61,24,REGULAR,REGULAR,EDGX,10313
TLRY,20250717 07:07:08.910000,0,0.61,16,0.61,24,REGULAR,REGULAR,EDGX,10313
TLRY,20250717 07:07:22.174000,0,0.61,16,0.61,24,REGULAR,REGULAR,EDGX,10313
TLRY,20250717 07:09:24.504000,0,0.61,16,0.61,24,REGULAR,REGULAR,EDGX,10313
TLRY,20250717 07:09:58.381000,0,0.61,16,0.61,24,REGULAR,REGULAR,EDGX,10313
TLRY,20250717 07:10:25.729000,0,0.61,16,0.61,24,REGULAR,REGULAR,EDGX,10313
TLRY,20250717 07:10:34.948000,0,0.61,16,0.61,24,REGULAR,REGULAR,EDGX,10313
TLRY,20250717 07:10:45.777000,0,0.61,5,0.61,24,REGULAR,REGULAR,MEMX,10313
TLRY,20250717 07:10:54.653000,0,0.61,5,0.61,24,REGULAR,REGULAR,MEMX,10313
TLRY,20250717 07:10:58.886000,0,0.61,16,0.61,2,REGULAR,REGULAR,EDGX,10247
TLRY,20250717 07:12:34.120000,0,0.61,22,0.61,1,REGULAR,REGULAR,NQEX,10304
TLRY,20250717 07:12:34.120000,0,0.61,22,0.61,1,REGULAR,REGULAR,NQEX,10304
TLRY,20250717 07:12:34.120000,0,0.61,22,0.61,1,REGULAR,REGULAR,NQEX,10304
TLRY,20250717 07:12:34.120000,0,0.61,22,0.61,1,REGULAR,REGULAR,NQEX,10304
TLRY,20250717 07:12:34.120000,0,0.61,22,0.61,1,REGULAR,REGULAR,NQEX,10304
TLRY,20250717 07:12:34.120000,0,0.61,22,0.61,1,REGULAR,REGULAR,NQEX,10304
TLRY,20250717 07:12:34.120000,0,0.61,22,0.61,1,REGULAR,REGULAR,NQEX,10304
TLRY,20250717 07:12:34.120000,0,0.61,22,0.61,1,REGULAR,REGULAR,NQEX,10304
TLRY,20250717 07:12:34.120000,0,0.61,22,0.61,1,REGULAR,REGULAR,NQEX,10304
TLRY,20250717 07:12:34.120000,0,0.61,22,0.61,1,REGULAR,REGULAR,NQEX,10304
TLRY,20250717 07:12:34.120000,0,0.61,22,0.61,1,REGULAR,REGULAR,NQEX,10304
TLRY,20250717 07:12:34.120000,0,0.61,22,0.61,1,REGULAR,REGULAR,NQEX,10304
TLRY,20250717 07:12:34.120000,0,0.61,22,0.61,1,REGULAR,REGULAR,NQEX,10304
TLRY,20250717 07:12:34.121000,0,0.6,5,0.6,1,REGULAR,REGULAR,PACF,10241
TLRY,20250717 07:12:34.121000,0,0.6,5,0.6,1,REGULAR,REGULAR,PACF,10241
TLRY,20250717 07:12:34.121000,0,0.6,5,0.6,1,REGULAR,REGULAR,PACF,10241
TLRY,20250717 07:12:34.121000,0,0.6,5,0.6,1,REGULAR,REGULAR,PACF,10241
TLRY,20250717 07:12:34.121000,0,0.6,5,0.6,1,REGULAR,REGULAR,PACF,10241
TLRY,20250717 07:12:34.121000,0,0.6,5,0.6,1,REGULAR,REGULAR,PACF,10241
TLRY,20250717 07:12:34.121000,0,0.6,5,0.6,1,REGULAR,REGULAR,PACF,10241
TLRY,20250717 07:12:34.121000,0,0.6,5,0.6,1,REGULAR,REGULAR,PACF,10241
TLRY,20250717 07:12:34.122000,0,0.6,1,0.6,1,REGULAR,REGULAR,EDGX,10247
TLRY,20250717 07:12:34.122000,0,0.6,1,0.6,1,REGULAR,REGULAR,EDGX,10247
TLRY,20250717 07:12:34.122000,0,0.6,1,0.6,1,REGULAR,REGULAR,EDGX,10247
TLRY,20250717 07:12:34.122000,0,0.6,1,0.6,1,REGULAR,REGULAR,EDGX,10247
TLRY,20250717 07:12:34.122000,0,0.6,1,0.6,1,REGULAR,REGULAR,EDGX,10247
TLRY,20250717 07:12:34.122000,0,0.6,1,0.6,1,REGULAR,REGULAR,EDGX,10247
TLRY,20250717 07:12:34.123000,0,0.6,1,0.6,1,REGULAR,REGULAR,EDGX,10247
TLRY,20250717 07:12:34.123000,0,0.6,1,0.6,1,REGULAR,REGULAR,EDGX,10247
TLRY,20250717 07:12:34.124000,0,0.6,1,0.6,1,REGULAR,REGULAR,EDGX,10247
TLRY,20250717 07:12:34.124000,0,0.6,1,0.6,1,REGULAR,REGULAR,EDGX,10247
TLRY,20250717 07:12:34.124000,0,0.6,1,0.6,1,REGULAR,REGULAR,EDGX,10247
TLRY,20250717 07:12:34.125000,0,0.6,145,0.6,1,REGULAR,REGULAR,PACF,10247
TLRY,20250717 07:12:34.125000,0,0.6,145,0.6,1,REGULAR,REGULAR,PACF,10247
TLRY,20250717 07:12:34.125000,0,0.6,145,0.6,1,REGULAR,REGULAR,PACF,10247
TLRY,20250717 07:12:34.125000,0,0.6,145,0.6,1,REGULAR,REGULAR,PACF,10247
TLRY,20250717 07:12:34.126000,0,0.6,145,0.6,1,REGULAR,REGULAR,PACF,10247
TLRY,20250717 07:12:34.263000,0,0.6,1,0.61,1,REGULAR,REGULAR,EDGX,10247
TLRY,20250717 07:12:34.295000,0,0.6,12,0.61,2,REGULAR,REGULAR,NQEX,10247
TLRY,20250717 07:12:34.295000,0,0.6,12,0.61,2,REGULAR,REGULAR,NQEX,10247
TLRY,20250717 07:12:34.295000,0,0.6,12,0.61,2,REGULAR,REGULAR,NQEX,10247
TLRY,20250717 07:12:34.295000,0,0.6,12,0.61,2,REGULAR,REGULAR,NQEX,10247
TLRY,20250717 07:12:34.295000,0,0.6,12,0.61,2,REGULAR,REGULAR,NQEX,10247
TLRY,20250717 07:12:34.295000,0,0.6,12,0.61,2,REGULAR,REGULAR,NQEX,10247
TLRY,20250717 07:12:34.295000,0,0.6,12,0.61,2,REGULAR,REGULAR,NQEX,10247
TLRY,20250717 07:12:34.295000,0,0.6,12,0.61,2,REGULAR,REGULAR,NQEX,10247
TLRY,20250717 07:12:34.295000,0,0.6,12,0.61,2,REGULAR,REGULAR,NQEX,10247
TLRY,20250717 07:12:34.295000,0,0.6,12,0.61,2,REGULAR,REGULAR,NQEX,10247
TLRY,20250717 07:12:34.295000,0,0.6,12,0.61,2,REGULAR,REGULAR,NQEX,10247
TLRY,20250717 07:12:34.361000,0,0.6,1,0.61,2,REGULAR,REGULAR,EDGX,10247
TLRY,20250717 07:13:37.290000,0,0.6,146,0.61,2,REGULAR,REGULAR,PACF,10247
TLRY,20250717 07:14:07.682000,0,0.6,5,0.61,2,REGULAR,REGULAR,EDGX,10247
TLRY,20250717 07:14:22.905000,0,0.6,5,0.61,2,REGULAR,REGULAR,EDGX,10247
TLRY,20250717 07:14:38.711000,0,0.6,5,0.61,2,REGULAR,REGULAR,EDGX,10247
TLRY,20250717 07:15:01.425000,0,0.6,5,0.61,2,REGULAR,REGULAR,EDGX,10247
TLRY,20250717 07:15:11.959000,0,0.6,5,0.61,2,REGULAR,REGULAR,EDGX,10247
TLRY,20250717 07:15:42.103000,0,0.6,5,0.61,25,REGULAR,REGULAR,EDGX,10305
TLRY,20250717 07:15:56.583000,0,0.6,5,0.61,25,REGULAR,REGULAR,EDGX,10305
TLRY,20250717 07:16:21.064000,0,0.6,5,0.61,25,REGULAR,REGULAR,MEMX,10305
TLRY,20250717 07:16:37.396000,0,0.6,5,0.61,25,REGULAR,REGULAR,MEMX,10305
TLRY,20250717 07:17:02.543000,0,0.6,5,0.61,25,REGULAR,REGULAR,MEMX,10305
TLRY,20250717 07:17:02.543000,0,0.6,5,0.61,25,REGULAR,REGULAR,MEMX,10305
TLRY,20250717 07:17:02.543000,0,0.6,5,0.61,25,REGULAR,REGULAR,MEMX,10305
TLRY,20250717 07:17:02.543000,0,0.6,5,0.61,25,REGULAR,REGULAR,MEMX,10305
TLRY,20250717 07:17:02.544000,0,0.6,5,0.61,25,REGULAR,REGULAR,MEMX,10305
TLRY,20250717 07:17:02.544000,0,0.6,5,0.61,25,REGULAR,REGULAR,MEMX,10305
TLRY,20250717 07:17:02.544000,0,0.6,5,0.61,25,REGULAR,REGULAR,MEMX,10305
TLRY,20250717 07:17:02.544000,0,0.6,5,0.61,25,REGULAR,REGULAR,MEMX,10305
TLRY,20250717 07:17:02.545000,0,0.61,22,0.61,25,REGULAR,REGULAR,PACF,10305
TLRY,20250717 07:17:02.545000,0,0.61,22,0.61,25,REGULAR,REGULAR,PACF,10305
TLRY,20250717 07:18:13.483000,0,0.61,2,0.61,2,REGULAR,REGULAR,PACF,10247
TLRY,20250717 07:20:08.467000,0,0.61,2,0.61,5,REGULAR,REGULAR,PACF,10305
TLRY,20250717 07:21:18.294000,0,0.61,1,0.61,2,REGULAR,REGULAR,EDGX,10247
TLRY,20250717 07:21:18.294000,0,0.61,1,0.61,2,REGULAR,REGULAR,EDGX,10247
TLRY,20250717 07:21:18.295000,0,0.6,5,0.61,1,REGULAR,REGULAR,EDGX,10247
TLRY,20250717 07:21:18.295000,0,0.6,5,0.61,1,REGULAR,REGULAR,EDGX,10247
TLRY,20250717 07:21:18.295000,0,0.6,5,0.61,1,REGULAR,REGULAR,EDGX,10247
TLRY,20250717 07:21:18.295000,0,0.6,5,0.61,1,REGULAR,REGULAR,EDGX,10247
TLRY,20250717 07:21:18.295000,0,0.6,5,0.61,1,REGULAR,REGULAR,EDGX,10247
TLRY,20250717 07:21:18.295000,0,0.6,5,0.61,1,REGULAR,REGULAR,EDGX,10247
TLRY,20250717 07:21:18.295000,0,0.6,5,0.61,1,REGULAR,REGULAR,EDGX,10247
TLRY,20250717 07:21:18.295000,0,0.6,5,0.61,1,REGULAR,REGULAR,EDGX,10247
TLRY,20250717 07:21:18.295000,0,0.6,5,0.61,1,REGULAR,REGULAR,EDGX,10247
TLRY,20250717 07:21:18.295000,0,0.6,5,0.61,1,REGULAR,REGULAR,EDGX,10247
TLRY,20250717 07:21:18.295000,0,0.6,5,0.61,1,REGULAR,REGULAR,EDGX,10247
TLRY,20250717 07:21:18.295000,0,0.6,5,0.61,1,REGULAR,REGULAR,EDGX,10247
TLRY,20250717 07:21:18.295000,0,0.6,5,0.61,1,REGULAR,REGULAR,EDGX,10247
TLRY,20250717 07:21:18.295000,0,0.6,5,0.61,1,REGULAR,REGULAR,EDGX,10247
TLRY,20250717 07:21:18.296000,0,0.6,1,0.6,1,REGULAR,REGULAR,PACF,10241
TLRY,20250717 07:21:18.296000,0,0.6,1,0.6,1,REGULAR,REGULAR,PACF,10241
TLRY,20250717 07:21:18.296000,0,0.6,1,0.6,1,REGULAR,REGULAR,PACF,10241
TLRY,20250717 07:21:18.296000,0,0.6,1,0.6,1,REGULAR,REGULAR,PACF,10241
TLRY,20250717 07:21:18.297000,0,0.6,1,0.6,1,REGULAR,REGULAR,PACF,10241
TLRY,20250717 07:21:18.297000,0,0.6,1,0.6,1,REGULAR,REGULAR,PACF,10241
TLRY,20250717 07:21:18.298000,0,0.6,1,0.6,1,REGULAR,REGULAR,PACF,10241
TLRY,20250717 07:21:18.298000,0,0.6,1,0.6,1,REGULAR,REGULAR,PACF,10241
TLRY,20250717 07:21:18.298000,0,0.6,1,0.6,1,REGULAR,REGULAR,PACF,10241
TLRY,20250717 07:21:18.299000,0,0.6,1,0.6,1,REGULAR,REGULAR,PACF,10241
TLRY,20250717 07:21:18.300000,0,0.6,1,0.6,1,REGULAR,REGULAR,PACF,10241
TLRY,20250717 07:21:18.300000,0,0.6,1,0.6,1,REGULAR,REGULAR,PACF,10241
TLRY,20250717 07:21:18.300000,0,0.6,1,0.6,1,REGULAR,REGULAR,PACF,10241
TLRY,20250717 07:21:18.301000,0,0.6,1,0.6,1,REGULAR,REGULAR,PACF,10241
TLRY,20250717 07:21:18.301000,0,0.6,1,0.6,1,REGULAR,REGULAR,PACF,10241
TLRY,20250717 07:21:18.302000,0,0.6,145,0.6,1,REGULAR,REGULAR,PACF,10247
TLRY,20250717 07:21:18.302000,0,0.6,145,0.6,1,REGULAR,REGULAR,PACF,10247
TLRY,20250717 07:21:18.302000,0,0.6,145,0.6,1,REGULAR,REGULAR,PACF,10247
TLRY,20250717 07:21:18.302000,0,0.6,145,0.6,1,REGULAR,REGULAR,PACF,10247
TLRY,20250717 07:21:18.302000,0,0.6,145,0.6,1,REGULAR,REGULAR,PACF,10247
TLRY,20250717 07:21:18.302000,0,0.6,145,0.6,1,REGULAR,REGULAR,PACF,10247
TLRY,20250717 07:21:18.303000,0,0.6,145,0.6,1,REGULAR,REGULAR,PACF,10247
TLRY,20250717 07:21:18.303000,0,0.6,145,0.6,1,REGULAR,REGULAR,PACF,10247
TLRY,20250717 07:21:18.303000,0,0.6,145,0.6,1,REGULAR,REGULAR,PACF,10247
TLRY,20250717 07:21:18.303000,0,0.6,145,0.6,1,REGULAR,REGULAR,PACF,10247
TLRY,20250717 07:21:18.475000,0,0.6,193,0.61,2,REGULAR,REGULAR,EDGX,10247
TLRY,20250717 07:21:18.475000,0,0.6,193,0.61,2,REGULAR,REGULAR,EDGX,10247
TLRY,20250717 07:21:18.541000,0,0.6,1,0.61,2,REGULAR,REGULAR,PACF,10247
TLRY,20250717 07:21:18.541000,0,0.6,1,0.61,2,REGULAR,REGULAR,PACF,10247
TLRY,20250717 07:21:18.541000,0,0.6,1,0.61,2,REGULAR,REGULAR,PACF,10247
TLRY,20250717 07:21:18.541000,0,0.6,1,0.61,2,REGULAR,REGULAR,PACF,10247
TLRY,20250717 07:21:18.541000,0,0.6,1,0.61,2,REGULAR,REGULAR,PACF,10247
TLRY,20250717 07:21:18.541000,0,0.6,1,0.61,2,REGULAR,REGULAR,PACF,10247
TLRY,20250717 07:24:01.325000,0,0.6,50,0.61,1,REGULAR,REGULAR,MEMX,10247
TLRY,20250717 07:24:01.325000,0,0.6,50,0.61,1,REGULAR,REGULAR,MEMX,10247
TLRY,20250717 07:26:17.143000,0,0.6,50,0.61,25,REGULAR,REGULAR,MEMX,10305
TLRY,20250717 07:27:06.907000,0,0.6,50,0.61,25,REGULAR,REGULAR,MEMX,10305
TLRY,20250717 07:27:23.562000,0,0.6,50,0.61,25,REGULAR,REGULAR,MEMX,10305
TLRY,20250717 07:27:40.104000,0,0.6,50,0.61,25,REGULAR,REGULAR,MEMX,10305
TLRY,20250717 07:28:14.069000,0,0.6,50,0.61,25,REGULAR,REGULAR,MEMX,10305
TLRY,20250717 07:28:58.624000,0,0.6,50,0.61,25,REGULAR,REGULAR,MEMX,10305
TLRY,20250717 07:29:37.830000,0,0.6,50,0.61,25,REGULAR,REGULAR,MEMX,10305
TLRY,20250717 07:29:57.969000,0,0.6,49,0.61,25,REGULAR,REGULAR,MEMX,10305
TLRY,20250717 07:30:13.279000,0,0.6,49,0.61,25,REGULAR,REGULAR,MEMX,10305
TLRY,20250717 07:31:01.659000,0,0.6,49,0.61,25,REGULAR,REGULAR,MEMX,10305
TLRY,20250717 07:31:05.445000,0,0.6,49,0.61,25,REGULAR,REGULAR,MEMX,10305
TLRY,20250717 07:31:36.282000,0,0.6,49,0.61,25,REGULAR,REGULAR,MEMX,10305
TLRY,20250717 07:31:50.929000,0,0.6,49,0.61,25,REGULAR,REGULAR,MEMX,10305
TLRY,20250717 07:32:06.463000,0,0.6,49,0.61,25,REGULAR,REGULAR,MEMX,10305
TLRY,20250717 07:32:22.911000,0,0.6,49,0.61,25,REGULAR,REGULAR,MEMX,10305
TLRY,20250717 07:34:57.464000,0,0.6,50,0.61,25,REGULAR,REGULAR,EDGX,10305
TLRY,20250717 07:34:57.465000,0,0.6,50,0.61,25,REGULAR,REGULAR,EDGX,10305
TLRY,20250717 07:34:57.466000,0,0.6,50,0.61,25,REGULAR,REGULAR,EDGX,10305
TLRY,20250717 07:36:02.453000,0,0.6,50,0.61,25,REGULAR,REGULAR,EDGX,10305
TLRY,20250717 07:36:54.608000,0,0.6,48,0.61,25,REGULAR,REGULAR,EDGX,10305
TLRY,20250717 07:38:21.546000,0,0.6,50,0.61,7,REGULAR,REGULAR,MEMX,10313
TLRY,20250717 07:44:12.714000,0,0.6,48,0.61,7,REGULAR,REGULAR,EDGX,10313
TLRY,20250717 07:44:12.716000,0,0.6,48,0.61,7,REGULAR,REGULAR,EDGX,10313
TLRY,20250717 07:44:12.716000,0,0.6,48,0.61,7,REGULAR,REGULAR,EDGX,10313
TLRY,20250717 07:45:05.261000,0,0.6,48,0.61,7,REGULAR,REGULAR,EDGX,10313
TLRY,20250717 07:45:22.434000,0,0.6,48,0.61,5,REGULAR,REGULAR,EDGX,10247
TLRY,20250717 07:45:41.475000,0,0.6,48,0.61,5,REGULAR,REGULAR,EDGX,10247
TLRY,20250717 07:47:02.512000,0,0.6,48,0.61,5,REGULAR,REGULAR,EDGX,10247
TLRY,20250717 07:49:03.179000,0,0.6,30,0.61,5,REGULAR,REGULAR,MEMX,10247
TLRY,20250717 07:50:05.469000,0,0.6,27,0.61,5,REGULAR,REGULAR,MEMX,10247
TLRY,20250717 07:51:05.632000,0,0.6,17,0.61,5,REGULAR,REGULAR,MEMX,10247
TLRY,20250717 07:53:59.321000,0,0.6,3,0.61,7,REGULAR,REGULAR,NQEX,10313
TLRY,20250717 07:53:59.321000,0,0.6,3,0.61,7,REGULAR,REGULAR,NQEX,10313
TLRY,20250717 07:59:25.968000,0,0.6,17,0.61,7,REGULAR,REGULAR,MEMX,10313
TLRY,20250717 07:59:25.968000,0,0.6,17,0.61,7,REGULAR,REGULAR,MEMX,10313
TLRY,20250717 07:59:25.968000,0,0.6,17,0.61,7,REGULAR,REGULAR,MEMX,10313
TLRY,20250717 07:59:25.968000,0,0.6,17,0.61,7,REGULAR,REGULAR,MEMX,10313
TLRY,20250717 07:59:25.968000,0,0.6,17,0.61,7,REGULAR,REGULAR,MEMX,10313
TLRY,20250717 07:59:25.968000,0,0.6,17,0.61,7,REGULAR,REGULAR,MEMX,10313
TLRY,20250717 07:59:51.108000,0,0.6,17,0.6,75,REGULAR,REGULAR,MEMX,10305
TLRY,20250717 08:00:00.034000,0,0.6,17,0.61,7,REGULAR,REGULAR,MEMX,10313
TLRY,20250717 08:00:00.035000,0,0.6,17,0.61,7,REGULAR,REGULAR,MEMX,10313
TLRY,20250717 08:00:00.081000,0,0.6,17,0.61,7,REGULAR,REGULAR,MEMX,10313
TLRY,20250717 08:00:00.112000,0,0.6,17,0.61,7,REGULAR,REGULAR,MEMX,10313
TLRY,20250717 08:00:00.142000,0,0.6,17,0.61,7,REGULAR,REGULAR,MEMX,10313
TLRY,20250717 08:00:00.151000,0,0.6,17,0.61,7,REGULAR,REGULAR,MEMX,10313
TLRY,20250717 08:00:00.153000,0,0.6,17,0.61,7,REGULAR,REGULAR,MEMX,10313
TLRY,20250717 08:00:00.158000,0,0.6,17,0.61,7,REGULAR,REGULAR,MEMX,10313
TLRY,20250717 08:00:00.158000,0,0.6,17,0.61,7,REGULAR,REGULAR,MEMX,10313
TLRY,20250717 08:00:00.158000,0,0.6,17,0.61,7,REGULAR,REGULAR,MEMX,10313
TLRY,20250717 08:00:00.158000,0,0.6,17,0.61,7,REGULAR,REGULAR,MEMX,10313
TLRY,20250717 08:00:00.171000,0,0.6,17,0.61,7,REGULAR,REGULAR,MEMX,10313
TLRY,20250717 08:00:00.171000,0,0.6,17,0.61,7,REGULAR,REGULAR,MEMX,10313
TLRY,20250717 08:00:00.171000,0,0.6,17,0.61,7,REGULAR,REGULAR,MEMX,10313
TLRY,20250717 08:00:00.180000,0,0.6,17,0.61,7,REGULAR,REGULAR,MEMX,10313
TLRY,20250717 08:00:00.185000,0,0.6,17,0.61,7,REGULAR,REGULAR,MEMX,10313
TLRY,20250717 08:00:00.191000,0,0.6,17,0.61,7,REGULAR,REGULAR,MEMX,10313
TLRY,20250717 08:00:00.211000,0,0.6,17,0.61,7,REGULAR,REGULAR,MEMX,10313
TLRY,20250717 08:00:00.219000,0,0.6,17,0.61,7,REGULAR,REGULAR,MEMX,10313
TLRY,20250717 08:00:00.220000,0,0.6,17,0.61,7,REGULAR,REGULAR,MEMX,10313
TLRY,20250717 08:00:00.224000,0,0.6,17,0.61,7,REGULAR,REGULAR,MEMX,10313
TLRY,20250717 08:00:00.230000,0,0.6,17,0.61,7,REGULAR,REGULAR,MEMX,10313
TLRY,20250717 08:00:00.232000,0,0.6,17,0.61,7,REGULAR,REGULAR,MEMX,10313
TLRY,20250717 08:00:00.234000,0,0.6,17,0.61,7,REGULAR,REGULAR,MEMX,10313
TLRY,20250717 08:00:00.234000,0,0.6,17,0.61,7,REGULAR,REGULAR,MEMX,10313
TLRY,20250717 08:00:00.235000,0,0.6,17,0.61,7,REGULAR,REGULAR,MEMX,10313
TLRY,20250717 08:00:00.260000,0,0.6,17,0.61,7,REGULAR,REGULAR,MEMX,10313
TLRY,20250717 08:00:00.309000,0,0.6,17,0.61,7,REGULAR,REGULAR,MEMX,10313
TLRY,20250717 08:00:00.311000,0,0.6,17,0.61,7,REGULAR,REGULAR,MEMX,10313
TLRY,20250717 08:00:00.312000,0,0.6,17,0.61,7,REGULAR,REGULAR,MEMX,10313
TLRY,20250717 08:00:00.316000,0,0.6,17,0.61,7,REGULAR,REGULAR,MEMX,10313
TLRY,20250717 08:00:00.317000,0,0.6,17,0.61,7,REGULAR,REGULAR,MEMX,10313
TLRY,20250717 08:00:00.318000,0,0.6,17,0.61,7,REGULAR,REGULAR,MEMX,10313
TLRY,20250717 08:00:00.318000,0,0.6,17,0.61,7,REGULAR,REGULAR,MEMX,10313
TLRY,20250717 08:00:00.321000,0,0.6,17,0.61,7,REGULAR,REGULAR,MEMX,10313
TLRY,20250717 08:00:00.322000,0,0.6,17,0.61,7,REGULAR,REGULAR,MEMX,10313
TLRY,20250717 08:00:00.327000,0,0.6,17,0.61,7,REGULAR,REGULAR,MEMX,10313
TLRY,20250717 08:00:00.329000,0,0.6,17,0.61,7,REGULAR,REGULAR,MEMX,10313
TLRY,20250717 08:00:00.330000,0,0.6,17,0.61,7,REGULAR,REGULAR,MEMX,10313
TLRY,20250717 08:00:00.378000,0,0.6,17,0.61,7,REGULAR,REGULAR,MEMX,10313
TLRY,20250717 08:00:00.385000,0,0.6,17,0.61,7,REGULAR,REGULAR,MEMX,10313
TLRY,20250717 08:00:00.413000,0,0.6,17,0.61,7,REGULAR,REGULAR,MEMX,10313
TLRY,20250717 08:00:00.422000,0,0.6,17,0.61,7,REGULAR,REGULAR,MEMX,10313
TLRY,20250717 08:00:00.430000,0,0.6,17,0.61,7,REGULAR,REGULAR,MEMX,10313
TLRY,20250717 08:00:00.450000,0,0.6,17,0.61,7,REGULAR,REGULAR,MEMX,10313
TLRY,20250717 08:00:00.452000,0,0.6,17,0.61,7,REGULAR,REGULAR,MEMX,10313
TLRY,20250717 08:00:00.473000,0,0.6,17,0.61,7,REGULAR,REGULAR,MEMX,10313
TLRY,20250717 08:00:00.512000,0,0.6,17,0.61,7,REGULAR,REGULAR,MEMX,10313
TLRY,20250717 08:00:00.518000,0,0.6,17,0.61,7,REGULAR,REGULAR,MEMX,10313
TLRY,20250717 08:00:00.531000,0,0.6,17,0.61,7,REGULAR,REGULAR,MEMX,10313
TLRY,20250717 08:00:00.547000,0,0.6,17,0.61,7,REGULAR,REGULAR,MEMX,10313
TLRY,20250717 08:00:00.555000,0,0.6,17,0.61,7,REGULAR,REGULAR,MEMX,10313
TLRY,20250717 08:00:00.587000,0,0.6,17,0.61,7,REGULAR,REGULAR,MEMX,10313
TLRY,20250717 08:00:00.617000,0,0.6,17,0.61,7,REGULAR,REGULAR,MEMX,10313
TLRY,20250717 08:00:00.638000,0,0.6,17,0.61,7,REGULAR,REGULAR,MEMX,10313
TLRY,20250717 08:00:00.643000,0,0.6,17,0.61,7,REGULAR,REGULAR,MEMX,10313
TLRY,20250717 08:00:00.645000,0,0.6,17,0.61,7,REGULAR,REGULAR,MEMX,10313
TLRY,20250717 08:00:00.658000,0,0.6,17,0.61,7,REGULAR,REGULAR,MEMX,10313
TLRY,20250717 08:00:00.680000,0,0.6,17,0.61,7,REGULAR,REGULAR,MEMX,10313
TLRY,20250717 08:00:00.699000,0,0.6,17,0.61,7,REGULAR,REGULAR,MEMX,10313
TLRY,20250717 08:00:00.726000,0,0.6,17,0.61,7,REGULAR,REGULAR,MEMX,10313
TLRY,20250717 08:00:00.765000,0,0.6,17,0.61,7,REGULAR,REGULAR,MEMX,10313
TLRY,20250717 08:00:00.805000,0,0.6,17,0.61,7,REGULAR,REGULAR,MEMX,10313
TLRY,20250717 08:00:00.864000,0,0.6,17,0.61,7,REGULAR,REGULAR,MEMX,10313
TLRY,20250717 08:00:00.906000,0,0.6,17,0.61,7,REGULAR,REGULAR,MEMX,10313
TLRY,20250717 08:00:00.938000,0,0.6,17,0.61,7,REGULAR,REGULAR,MEMX,10313
TLRY,20250717 08:00:00.992000,0,0.6,17,0.61,7,REGULAR,REGULAR,MEMX,10313
TLRY,20250717 08:00:01.102000,0,0.6,17,0.61,7,REGULAR,REGULAR,MEMX,10313
TLRY,20250717 08:00:01.104000,0,0.6,17,0.61,7,REGULAR,REGULAR,MEMX,10313
TLRY,20250717 08:00:01.109000,0,0.6,17,0.61,7,REGULAR,REGULAR,MEMX,10313
TLRY,20250717 08:00:01.112000,0,0.6,17,0.61,7,REGULAR,REGULAR,MEMX,10313
TLRY,20250717 08:00:01.128000,0,0.6,17,0.61,7,REGULAR,REGULAR,MEMX,10313
TLRY,20250717 08:00:01.131000,0,0.6,17,0.61,7,REGULAR,REGULAR,MEMX,10313
TLRY,20250717 08:00:01.155000,0,0.6,17,0.61,7,REGULAR,REGULAR,MEMX,10313
TLRY,20250717 08:00:01.188000,0,0.6,17,0.61,7,REGULAR,REGULAR,MEMX,10313
TLRY,20250717 08:00:01.192000,0,0.6,17,0.61,7,REGULAR,REGULAR,MEMX,10313
TLRY,20250717 08:00:01.194000,0,0.6,17,0.61,7,REGULAR,REGULAR,MEMX,10313
TLRY,20250717 08:00:01.199000,0,0.6,17,0.61,7,REGULAR,REGULAR,MEMX,10313
TLRY,20250717 08:00:01.208000,0,0.6,17,0.61,7,REGULAR,REGULAR,MEMX,10313
TLRY,20250717 08:00:01.211000,0,0.6,17,0.61,7,REGULAR,REGULAR,MEMX,10313
TLRY,20250717 08:00:01.225000,0,0.6,17,0.61,7,REGULAR,REGULAR,MEMX,10313
TLRY,20250717 08:00:01.229000,0,0.6,48,0.61,7,REGULAR,REGULAR,EDGX,10313
TLRY,20250717 08:00:01.237000,0,0.6,48,0.6,37,REGULAR,REGULAR,EDGX,10247
TLRY,20250717 08:00:01.270000,0,0.6,48,0.6,37,REGULAR,REGULAR,EDGX,10247
TLRY,20250717 08:00:01.291000,0,0.6,48,0.6,37,REGULAR,REGULAR,EDGX,10247
TLRY,20250717 08:00:01.305000,0,0.6,48,0.6,37,REGULAR,REGULAR,EDGX,10247
TLRY,20250717 08:00:01.318000,0,0.6,48,0.6,37,REGULAR,REGULAR,EDGX,10247
TLRY,20250717 08:00:01.333000,0,0.6,48,0.6,37,REGULAR,REGULAR,EDGX,10247
TLRY,20250717 08:00:01.334000,0,0.6,48,0.6,37,REGULAR,REGULAR,EDGX,10247
TLRY,20250717 08:00:01.344000,0,0.6,48,0.6,37,REGULAR,REGULAR,EDGX,10247
TLRY,20250717 08:00:01.354000,0,0.6,48,0.6,37,REGULAR,REGULAR,EDGX,10247
TLRY,20250717 08:00:01.382000,0,0.6,48,0.6,37,REGULAR,REGULAR,EDGX,10247
TLRY,20250717 08:00:01.404000,0,0.6,48,0.6,37,REGULAR,REGULAR,EDGX,10247
TLRY,20250717 08:00:01.416000,0,0.6,48,0.6,37,REGULAR,REGULAR,EDGX,10247
TLRY,20250717 08:00:01.463000,0,0.6,48,0.6,37,REGULAR,REGULAR,EDGX,10247
TLRY,20250717 08:00:01.495000,0,0.6,48,0.6,37,REGULAR,REGULAR,EDGX,10247
TLRY,20250717 08:00:01.506000,0,0.6,48,0.6,37,REGULAR,REGULAR,EDGX,10247
TLRY,20250717 08:00:01.527000,0,0.6,48,0.6,37,REGULAR,REGULAR,EDGX,10247
TLRY,20250717 08:00:01.546000,0,0.6,48,0.6,37,REGULAR,REGULAR,EDGX,10247
TLRY,20250717 08:00:01.554000,0,0.6,48,0.6,37,REGULAR,REGULAR,EDGX,10247
TLRY,20250717 08:00:01.554000,0,0.6,48,0.6,37,REGULAR,REGULAR,EDGX,10247
TLRY,20250717 08:00:01.559000,0,0.6,48,0.6,37,REGULAR,REGULAR,EDGX,10247
TLRY,20250717 08:00:01.573000,0,0.6,48,0.6,37,REGULAR,REGULAR,EDGX,10247
TLRY,20250717 08:00:01.610000,0,0.6,48,0.6,37,REGULAR,REGULAR,EDGX,10247
TLRY,20250717 08:00:01.612000,0,0.6,48,0.6,37,REGULAR,REGULAR,EDGX,10247
TLRY,20250717 08:00:01.620000,0,0.6,48,0.6,37,REGULAR,REGULAR,EDGX,10247
TLRY,20250717 08:00:01.622000,0,0.6,48,0.6,37,REGULAR,REGULAR,EDGX,10247
TLRY,20250717 08:00:01.625000,0,0.6,48,0.6,37,REGULAR,REGULAR,EDGX,10247
TLRY,20250717 08:00:01.626000,0,0.6,48,0.6,37,REGULAR,REGULAR,EDGX,10247
TLRY,20250717 08:00:01.631000,0,0.6,48,0.6,37,REGULAR,REGULAR,EDGX,10247
TLRY,20250717 08:00:01.632000,0,0.6,48,0.6,37,REGULAR,REGULAR,EDGX,10247
TLRY,20250717 08:00:01.644000,0,0.6,48,0.6,37,REGULAR,REGULAR,EDGX,10247
TLRY,20250717 08:00:01.657000,0,0.6,48,0.6,37,REGULAR,REGULAR,EDGX,10247
TLRY,20250717 08:00:01.666000,0,0.6,48,0.6,37,REGULAR,REGULAR,EDGX,10247
TLRY,20250717 08:00:01.681000,0,0.6,48,0.6,37,REGULAR,REGULAR,EDGX,10247
TLRY,20250717 08:00:01.703000,0,0.6,48,0.6,37,REGULAR,REGULAR,EDGX,10247
TLRY,20250717 08:00:01.754000,0,0.6,48,0.6,37,REGULAR,REGULAR,EDGX,10247
TLRY,20250717 08:00:01.791000,0,0.6,48,0.6,37,REGULAR,REGULAR,EDGX,10247
TLRY,20250717 08:00:01.818000,0,0.6,48,0.6,37,REGULAR,REGULAR,EDGX,10247
TLRY,20250717 08:00:01.831000,0,0.6,48,0.6,37,REGULAR,REGULAR,EDGX,10247
TLRY,20250717 08:00:01.870000,0,0.6,48,0.6,37,REGULAR,REGULAR,EDGX,10247
TLRY,20250717 08:00:01.901000,0,0.6,48,0.6,37,REGULAR,REGULAR,EDGX,10247
TLRY,20250717 08:00:02.072000,0,0.6,48,0.6,37,REGULAR,REGULAR,EDGX,10247
TLRY,20250717 08:00:02.105000,0,0.6,48,0.6,37,REGULAR,REGULAR,EDGX,10247
TLRY,20250717 08:00:02.121000,0,0.6,48,0.6,37,REGULAR,REGULAR,EDGX,10247
TLRY,20250717 08:00:02.139000,0,0.6,48,0.6,37,REGULAR,REGULAR,EDGX,10247
TLRY,20250717 08:00:02.240000,0,0.6,48,0.6,37,REGULAR,REGULAR,EDGX,10247
TLRY,20250717 08:00:02.298000,0,0.6,48,0.6,37,REGULAR,REGULAR,EDGX,10247
TLRY,20250717 08:00:02.381000,0,0.6,48,0.6,37,REGULAR,REGULAR,EDGX,10247
TLRY,20250717 08:00:02.413000,0,0.6,48,0.6,37,REGULAR,REGULAR,EDGX,10247
TLRY,20250717 08:00:02.450000,0,0.6,48,0.6,37,REGULAR,REGULAR,EDGX,10247
TLRY,20250717 08:00:02.451000,0,0.6,48,0.6,37,REGULAR,REGULAR,EDGX,10247
TLRY,20250717 08:00:02.538000,0,0.6,48,0.6,37,REGULAR,REGULAR,EDGX,10247
TLRY,20250717 08:00:02.623000,0,0.6,48,0.6,37,REGULAR,REGULAR,EDGX,10247
TLRY,20250717 08:00:03.166000,0,0.6,48,0.6,37,REGULAR,REGULAR,EDGX,10247
TLRY,20250717 08:00:03.169000,0,0.6,48,0.6,37,REGULAR,REGULAR,EDGX,10247
TLRY,20250717 08:00:03.180000,0,0.6,48,0.6,37,REGULAR,REGULAR,EDGX,10247
TLRY,20250717 08:00:03.246000,0,0.6,48,0.6,37,REGULAR,REGULAR,EDGX,10247
TLRY,20250717 08:00:03.251000,0,0.6,48,0.6,37,REGULAR,REGULAR,EDGX,10247
TLRY,20250717 08:00:03.411000,0,0.6,48,0.6,37,REGULAR,REGULAR,EDGX,10247
TLRY,20250717 08:00:03.444000,0,0.6,48,0.6,37,REGULAR,REGULAR,EDGX,10247
TLRY,20250717 08:00:03.456000,0,0.6,48,0.6,37,REGULAR,REGULAR,EDGX,10247
TLRY,20250717 08:00:03.501000,0,0.6,48,0.6,37,REGULAR,REGULAR,EDGX,10247
TLRY,20250717 08:00:03.866000,0,0.6,48,0.6,37,REGULAR,REGULAR,EDGX,10247
TLRY,20250717 08:00:03.886000,0,0.6,48,0.6,37,REGULAR,REGULAR,EDGX,10247
TLRY,20250717 08:00:04.663000,0,0.6,48,0.6,37,REGULAR,REGULAR,EDGX,10247
TLRY,20250717 08:00:04.853000,0,0.6,48,0.6,37,REGULAR,REGULAR,EDGX,10247
TLRY,20250717 08:00:04.902000,0,0.6,48,0.6,37,REGULAR,REGULAR,EDGX,10247
TLRY,20250717 08:00:04.996000,0,0.6,48,0.6,37,REGULAR,REGULAR,EDGX,10247
TLRY,20250717 08:00:05.045000,0,0.6,48,0.6,37,REGULAR,REGULAR,EDGX,10247
TLRY,20250717 08:00:05.077000,0,0.6,48,0.6,37,REGULAR,REGULAR,EDGX,10247
TLRY,20250717 08:00:05.106000,0,0.6,48,0.6,37,REGULAR,REGULAR,EDGX,10247
TLRY,20250717 08:00:05.121000,0,0.6,48,0.6,37,REGULAR,REGULAR,EDGX,10247
TLRY,20250717 08:00:05.123000,0,0.6,48,0.6,37,REGULAR,REGULAR,EDGX,10247
TLRY,20250717 08:00:05.145000,0,0.6,48,0.6,37,REGULAR,REGULAR,EDGX,10247
TLRY,20250717 08:00:05.148000,0,0.6,48,0.6,37,REGULAR,REGULAR,EDGX,10247
TLRY,20250717 08:00:05.210000,0,0.6,48,0.6,37,REGULAR,REGULAR,EDGX,10247
TLRY,20250717 08:00:05.211000,0,0.6,48,0.6,37,REGULAR,REGULAR,EDGX,10247
TLRY,20250717 08:00:05.232000,0,0.6,48,0.6,37,REGULAR,REGULAR,EDGX,10247
TLRY,20250717 08:00:05.282000,0,0.6,48,0.6,37,REGULAR,REGULAR,EDGX,10247
TLRY,20250717 08:00:05.285000,0,0.6,48,0.6,37,REGULAR,REGULAR,EDGX,10247
TLRY,20250717 08:00:05.289000,0,0.6,48,0.6,37,REGULAR,REGULAR,EDGX,10247
TLRY,20250717 08:00:05.313000,0,0.6,48,0.6,37,REGULAR,REGULAR,EDGX,10247
TLRY,20250717 08:00:05.332000,0,0.6,48,0.6,37,REGULAR,REGULAR,EDGX,10247
TLRY,20250717 08:00:05.440000,0,0.6,48,0.6,37,REGULAR,REGULAR,EDGX,10247
TLRY,20250717 08:00:05.447000,0,0.6,48,0.6,37,REGULAR,REGULAR,EDGX,10247
TLRY,20250717 08:00:05.450000,0,0.6,48,0.6,37,REGULAR,REGULAR,EDGX,10247
TLRY,20250717 08:00:05.483000,0,0.6,48,0.6,37,REGULAR,REGULAR,EDGX,10247
TLRY,20250717 08:00:05.604000,0,0.6,48,0.6,37,REGULAR,REGULAR,EDGX,10247
TLRY,20250717 08:00:05.686000,0,0.6,48,0.6,37,REGULAR,REGULAR,EDGX,10247
TLRY,20250717 08:00:05.697000,0,0.6,48,0.6,37,REGULAR,REGULAR,EDGX,10247
TLRY,20250717 08:00:05.770000,0,0.6,48,0.6,37,REGULAR,REGULAR,EDGX,10247
TLRY,20250717 08:00:05.799000,0,0.6,48,0.6,37,REGULAR,REGULAR,EDGX,10247
TLRY,20250717 08:00:05.836000,0,0.6,48,0.6,37,REGULAR,REGULAR,EDGX,10247
TLRY,20250717 08:00:05.847000,0,0.6,48,0.6,37,REGULAR,REGULAR,EDGX,10247
TLRY,20250717 08:00:05.883000,0,0.6,48,0.6,37,REGULAR,REGULAR,EDGX,10247
TLRY,20250717 08:00:05.914000,0,0.6,48,0.6,37,REGULAR,REGULAR,EDGX,10247
TLRY,20250717 08:00:05.917000,0,0.6,48,0.6,37,REGULAR,REGULAR,EDGX,10247
TLRY,20250717 08:00:06.004000,0,0.6,48,0.6,37,REGULAR,REGULAR,EDGX,10247
TLRY,20250717 08:00:06.037000,0,0.6,48,0.6,37,REGULAR,REGULAR,EDGX,10247
TLRY,20250717 08:00:06.171000,0,0.6,48,0.6,37,REGULAR,REGULAR,EDGX,10247
TLRY,20250717 08:00:06.186000,0,0.6,48,0.6,37,REGULAR,REGULAR,EDGX,10247
TLRY,20250717 08:00:06.224000,0,0.6,48,0.6,37,REGULAR,REGULAR,EDGX,10247
TLRY,20250717 08:00:06.400000,0,0.6,48,0.6,37,REGULAR,REGULAR,EDGX,10247
TLRY,20250717 08:00:06.404000,0,0.6,48,0.6,37,REGULAR,REGULAR,EDGX,10247
TLRY,20250717 08:00:06.435000,0,0.6,48,0.6,37,REGULAR,REGULAR,EDGX,10247
TLRY,20250717 08:00:06.468000,0,0.6,48,0.6,37,REGULAR,REGULAR,EDGX,10247
TLRY,20250717 08:00:06.576000,0,0.6,48,0.6,37,REGULAR,REGULAR,EDGX,10247
TLRY,20250717 08:00:06.606000,0,0.6,48,0.6,37,REGULAR,REGULAR,EDGX,10247
TLRY,20250717 08:00:06.614000,0,0.6,48,0.6,37,REGULAR,REGULAR,EDGX,10247
TLRY,20250717 08:00:06.626000,0,0.6,48,0.6,37,REGULAR,REGULAR,EDGX,10247
TLRY,20250717 08:00:06.642000,0,0.6,48,0.6,37,REGULAR,REGULAR,EDGX,10247
TLRY,20250717 08:00:06.675000,0,0.6,48,0.6,37,REGULAR,REGULAR,EDGX,10247
TLRY,20250717 08:00:06.714000,0,0.6,48,0.6,37,REGULAR,REGULAR,EDGX,10247
TLRY,20250717 08:00:06.727000,0,0.6,48,0.6,37,REGULAR,REGULAR,EDGX,10247
TLRY,20250717 08:00:06.730000,0,0.6,48,0.6,37,REGULAR,REGULAR,EDGX,10247
TLRY,20250717 08:00:06.780000,0,0.6,48,0.6,37,REGULAR,REGULAR,EDGX,10247
TLRY,20250717 08:00:11.748000,0,0.6,48,0.6,37,REGULAR,REGULAR,EDGX,10247
TLRY,20250717 08:00:11.751000,0,0.6,48,0.6,1,REGULAR,REGULAR,EDGX,10247
TLRY,20250717 08:00:11.751000,0,0.6,48,0.6,1,REGULAR,REGULAR,EDGX,10247
TLRY,20250717 08:00:11.751000,0,0.6,48,0.6,1,REGULAR,REGULAR,EDGX,10247
TLRY,20250717 08:00:11.751000,0,0.6,48,0.6,1,REGULAR,REGULAR,EDGX,10247
TLRY,20250717 08:00:11.754000,0,0.6,50,0.6,1,REGULAR,REGULAR,MEMX,10247
TLRY,20250717 08:00:11.754000,0,0.6,50,0.6,1,REGULAR,REGULAR,MEMX,10247
TLRY,20250717 08:00:11.754000,0,0.6,50,0.6,1,REGULAR,REGULAR,MEMX,10247
TLRY,20250717 08:00:11.754000,0,0.6,50,0.6,1,REGULAR,REGULAR,MEMX,10247
TLRY,20250717 08:00:11.755000,0,0.6,50,0.6,1,REGULAR,REGULAR,MEMX,10247
TLRY,20250717 08:00:11.757000,0,0.6,46,0.6,1,REGULAR,REGULAR,MEMX,10247
TLRY,20250717 08:00:16.936000,0,0.6,46,0.6,37,REGULAR,REGULAR,MEMX,10247
TLRY,20250717 08:00:16.940000,0,0.6,46,0.6,37,REGULAR,REGULAR,MEMX,10247
TLRY,20250717 08:00:16.944000,0,0.6,46,0.6,37,REGULAR,REGULAR,MEMX,10247
TLRY,20250717 08:00:17.955000,0,0.6,46,0.6,37,REGULAR,REGULAR,MEMX,10247
TLRY,20250717 08:00:18.425000,0,0.6,46,0.6,37,REGULAR,REGULAR,MEMX,10247
TLRY,20250717 08:00:21.679000,0,0.6,46,0.6,37,REGULAR,REGULAR,MEMX,10247
TLRY,20250717 08:00:22.510000,0,0.6,46,0.6,37,REGULAR,REGULAR,MEMX,10247
TLRY,20250717 08:00:23.256000,0,0.6,46,0.6,37,REGULAR,REGULAR,MEMX,10247
TLRY,20250717 08:00:23.457000,0,0.6,46,0.6,37,REGULAR,REGULAR,MEMX,10247
TLRY,20250717 08:00:24.584000,0,0.6,46,0.6,37,REGULAR,REGULAR,MEMX,10247
TLRY,20250717 08:00:24.693000,0,0.6,46,0.6,37,REGULAR,REGULAR,MEMX,10247
TLRY,20250717 08:00:25.296000,0,0.6,46,0.6,37,REGULAR,REGULAR,MEMX,10247
TLRY,20250717 08:00:25.398000,0,0.6,46,0.6,37,REGULAR,REGULAR,MEMX,10247
TLRY,20250717 08:00:26.273000,0,0.6,46,0.6,37,REGULAR,REGULAR,MEMX,10247
TLRY,20250717 08:00:26.831000,0,0.6,46,0.6,37,REGULAR,REGULAR,MEMX,10247
TLRY,20250717 08:00:26.900000,0,0.6,46,0.6,37,REGULAR,REGULAR,MEMX,10247
TLRY,20250717 08:00:28.307000,0,0.6,46,0.6,37,REGULAR,REGULAR,MEMX,10247
TLRY,20250717 08:00:43.611000,0,0.6,46,0.6,37,REGULAR,REGULAR,MEMX,10247
TLRY,20250717 08:00:43.828000,0,0.6,46,0.6,37,REGULAR,REGULAR,MEMX,10247
TLRY,20250717 08:00:43.871000,0,0.6,46,0.6,37,REGULAR,REGULAR,MEMX,10247
TLRY,20250717 08:00:43.871000,0,0.6,46,0.6,37,REGULAR,REGULAR,MEMX,10247
TLRY,20250717 08:00:55.605000,0,0.6,46,0.6,37,REGULAR,REGULAR,MEMX,10247
TLRY,20250717 08:01:11.614000,0,0.6,46,0.6,37,REGULAR,REGULAR,MEMX,10247
TLRY,20250717 08:01:13.849000,0,0.6,46,0.6,34,REGULAR,REGULAR,MEMX,10247
TLRY,20250717 08:01:36.584000,0,0.6,46,0.6,34,REGULAR,REGULAR,MEMX,10247
TLRY,20250717 08:02:03.054000,0,0.6,46,0.6,34,REGULAR,REGULAR,MEMX,10247
TLRY,20250717 08:02:09.738000,0,0.6,46,0.6,34,REGULAR,REGULAR,MEMX,10247
TLRY,20250717 08:02:18.343000,0,0.6,46,0.6,34,REGULAR,REGULAR,MEMX,10247
TLRY,20250717 08:02:33.738000,0,0.6,46,0.6,24,REGULAR,REGULAR,MEMX,10247
TLRY,20250717 08:02:40.600000,0,0.6,46,0.6,24,REGULAR,REGULAR,MEMX,10247
TLRY,20250717 08:02:46.423000,0,0.6,46,0.6,24,REGULAR,REGULAR,MEMX,10247
TLRY,20250717 08:03:29.528000,0,0.6,46,0.6,24,REGULAR,REGULAR,MEMX,10247
TLRY,20250717 08:03:32.948000,0,0.6,46,0.6,24,REGULAR,REGULAR,MEMX,10247
TLRY,20250717 08:03:38.427000,0,0.6,46,0.6,24,REGULAR,REGULAR,MEMX,10247
TLRY,20250717 08:03:41.554000,0,0.6,46,0.6,24,REGULAR,REGULAR,MEMX,10247
TLRY,20250717 08:03:42.327000,0,0.6,46,0.6,24,REGULAR,REGULAR,MEMX,10247
TLRY,20250717 08:04:06.184000,0,0.6,46,0.6,24,REGULAR,REGULAR,MEMX,10247
TLRY,20250717 08:04:46.688000,0,0.6,46,0.6,24,REGULAR,REGULAR,MEMX,10247
TLRY,20250717 08:05:07.473000,0,0.6,46,0.6,24,REGULAR,REGULAR,MEMX,10247
TLRY,20250717 08:05:18.709000,0,0.6,46,0.6,24,REGULAR,REGULAR,MEMX,10247
TLRY,20250717 08:05:40.684000,0,0.6,46,0.6,4,REGULAR,REGULAR,MEMX,10247
TLRY,20250717 08:05:40.688000,0,0.6,46,0.6,4,REGULAR,REGULAR,MEMX,10247
TLRY,20250717 08:05:41.153000,0,0.6,46,0.6,4,REGULAR,REGULAR,MEMX,10247
TLRY,20250717 08:07:18.333000,0,0.6,46,0.6,24,REGULAR,REGULAR,MEMX,10247
TLRY,20250717 08:07:36.545000,0,0.6,46,0.6,24,REGULAR,REGULAR,MEMX,10247
TLRY,20250717 08:08:53.303000,0,0.6,46,0.6,24,REGULAR,REGULAR,MEMX,10247
TLRY,20250717 08:09:18.969000,0,0.6,46,0.6,24,REGULAR,REGULAR,MEMX,10247
TLRY,20250717 08:09:31.250000,0,0.6,46,0.6,24,REGULAR,REGULAR,MEMX,10247
TLRY,20250717 08:09:33.040000,0,0.6,46,0.6,24,REGULAR,REGULAR,MEMX,10247
TLRY,20250717 08:09:43.424000,0,0.6,46,0.6,24,REGULAR,REGULAR,MEMX,10247
TLRY,20250717 08:09:50.699000,0,0.6,46,0.6,24,REGULAR,REGULAR,MEMX,10247
TLRY,20250717 08:09:57.725000,0,0.6,46,0.6,24,REGULAR,REGULAR,MEMX,10247
TLRY,20250717 08:10:15.305000,0,0.6,46,0.6,24,REGULAR,REGULAR,MEMX,10247
TLRY,20250717 08:11:01.658000,0,0.6,46,0.6,24,REGULAR,REGULAR,MEMX,10247
TLRY,20250717 08:11:04.349000,0,0.6,46,0.6,24,REGULAR,REGULAR,MEMX,10247
TLRY,20250717 08:11:11.483000,0,0.6,46,0.6,24,REGULAR,REGULAR,MEMX,10247
TLRY,20250717 08:11:56.964000,0,0.6,46,0.6,24,REGULAR,REGULAR,MEMX,10247
TLRY,20250717 08:12:45.954000,0,0.6,46,0.6,24,REGULAR,REGULAR,MEMX,10247
TLRY,20250717 08:15:13.099000,0,0.6,46,0.6,24,REGULAR,REGULAR,MEMX,10247
TLRY,20250717 08:15:13.111000,0,0.6,46,0.6,24,REGULAR,REGULAR,MEMX,10247
TLRY,20250717 08:15:13.479000,0,0.6,14,0.6,24,REGULAR,REGULAR,MEMX,10247
TLRY,20250717 08:15:49.874000,0,0.6,14,0.6,24,REGULAR,REGULAR,MEMX,10247
TLRY,20250717 08:16:39.329000,0,0.6,40,0.6,24,REGULAR,REGULAR,MEMX,10247
TLRY,20250717 08:16:39.329000,0,0.6,40,0.6,24,REGULAR,REGULAR,MEMX,10247
TLRY,20250717 08:17:08.479000,0,0.6,40,0.6,24,REGULAR,REGULAR,MEMX,10247
TLRY,20250717 08:17:34.058000,0,0.6,40,0.6,24,REGULAR,REGULAR,MEMX,10247
TLRY,20250717 08:17:34.059000,0,0.6,40,0.6,24,REGULAR,REGULAR,MEMX,10247
TLRY,20250717 08:17:44.541000,0,0.6,40,0.6,24,REGULAR,REGULAR,MEMX,10247
TLRY,20250717 08:17:59.585000,0,0.6,40,0.6,24,REGULAR,REGULAR,MEMX,10247
TLRY,20250717 08:17:59.587000,0,0.6,40,0.6,24,REGULAR,REGULAR,MEMX,10247
TLRY,20250717 08:18:19.882000,0,0.6,40,0.6,24,REGULAR,REGULAR,MEMX,10247
TLRY,20250717 08:18:19.883000,0,0.6,40,0.6,24,REGULAR,REGULAR,MEMX,10247
TLRY,20250717 08:18:34.111000,0,0.6,40,0.6,24,REGULAR,REGULAR,MEMX,10247
TLRY,20250717 08:18:45.537000,0,0.6,40,0.6,24,REGULAR,REGULAR,MEMX,10247
TLRY,20250717 08:18:49.146000,0,0.6,40,0.6,24,REGULAR,REGULAR,MEMX,10247
TLRY,20250717 08:19:01.326000,0,0.6,40,0.6,24,REGULAR,REGULAR,MEMX,10247
TLRY,20250717 08:19:06.010000,0,0.6,40,0.6,24,REGULAR,REGULAR,MEMX,10247
TLRY,20250717 08:19:06.011000,0,0.6,40,0.6,24,REGULAR,REGULAR,MEMX,10247
TLRY,20250717 08:19:11.904000,0,0.6,40,0.6,24,REGULAR,REGULAR,MEMX,10247
TLRY,20250717 08:19:18.573000,0,0.6,40,0.6,24,REGULAR,REGULAR,MEMX,10247
TLRY,20250717 08:19:23.909000,0,0.6,40,0.6,24,REGULAR,REGULAR,MEMX,10247
TLRY,20250717 08:19:38.990000,0,0.6,40,0.6,24,REGULAR,REGULAR,MEMX,10247
TLRY,20250717 08:19:54.161000,0,0.6,40,0.6,24,REGULAR,REGULAR,MEMX,10247
TLRY,20250717 08:20:08.661000,0,0.6,40,0.6,24,REGULAR,REGULAR,MEMX,10247
TLRY,20250717 08:20:14.159000,0,0.6,5,0.6,24,REGULAR,REGULAR,MEMX,10247
TLRY,20250717 08:20:14.160000,0,0.6,5,0.6,24,REGULAR,REGULAR,MEMX,10247
TLRY,20250717 08:20:49.950000,0,0.6,5,0.6,24,REGULAR,REGULAR,MEMX,10247
TLRY,20250717 08:21:06.767000,0,0.6,5,0.6,24,REGULAR,REGULAR,MEMX,10247
TLRY,20250717 08:21:21.534000,0,0.6,5,0.6,24,REGULAR,REGULAR,MEMX,10247
TLRY,20250717 08:21:36.736000,0,0.6,5,0.6,24,REGULAR,REGULAR,MEMX,10247
TLRY,20250717 08:21:50.449000,0,0.6,5,0.6,24,REGULAR,REGULAR,MEMX,10247
TLRY,20250717 08:21:51.708000,0,0.6,5,0.6,24,REGULAR,REGULAR,MEMX,10247
TLRY,20250717 08:21:51.708000,0,0.6,5,0.6,24,REGULAR,REGULAR,MEMX,10247
TLRY,20250717 08:22:06.435000,0,0.6,5,0.6,24,REGULAR,REGULAR,MEMX,10247
TLRY,20250717 08:22:12.555000,0,0.6,5,0.6,24,REGULAR,REGULAR,MEMX,10247
TLRY,20250717 08:22:21.906000,0,0.6,5,0.6,24,REGULAR,REGULAR,MEMX,10247
TLRY,20250717 08:22:37.527000,0,0.6,5,0.6,24,REGULAR,REGULAR,MEMX,10247
TLRY,20250717 08:22:43.002000,0,0.6,5,0.6,2,REGULAR,REGULAR,MEMX,10247
TLRY,20250717 08:22:43.002000,0,0.6,5,0.6,2,REGULAR,REGULAR,MEMX,10247
TLRY,20250717 08:22:49.244000,0,0.6,5,0.6,24,REGULAR,REGULAR,MEMX,10247
TLRY,20250717 08:23:00.240000,0,0.6,5,0.6,24,REGULAR,REGULAR,MEMX,10247
TLRY,20250717 08:23:16.270000,0,0.6,5,0.6,24,REGULAR,REGULAR,MEMX,10247
TLRY,20250717 08:23:27.890000,0,0.6,5,0.6,16,REGULAR,REGULAR,MEMX,10247
TLRY,20250717 08:23:34.297000,0,0.6,5,0.6,16,REGULAR,REGULAR,MEMX,10247
TLRY,20250717 08:23:56.847000,0,0.6,5,0.6,16,REGULAR,REGULAR,MEMX,10247
TLRY,20250717 08:24:24.572000,0,0.6,5,0.61,138,REGULAR,REGULAR,MEMX,10247
TLRY,20250717 08:24:24.572000,0,0.6,5,0.61,138,REGULAR,REGULAR,MEMX,10247
TLRY,20250717 08:24:33.143000,0,0.6,5,0.61,138,REGULAR,REGULAR,MEMX,10247
TLRY,20250717 08:24:34.150000,0,0.6,28,0.6,44,REGULAR,REGULAR,EDGX,10247
TLRY,20250717 08:24:34.150000,0,0.6,28,0.6,44,REGULAR,REGULAR,EDGX,10247
TLRY,20250717 08:24:34.150000,0,0.6,28,0.6,44,REGULAR,REGULAR,EDGX,10247
TLRY,20250717 08:24:34.155000,0,0.6,143,0.6,13,REGULAR,REGULAR,PACF,10247
TLRY,20250717 08:24:34.155000,0,0.6,143,0.6,13,REGULAR,REGULAR,PACF,10247
TLRY,20250717 08:24:34.155000,0,0.6,143,0.6,13,REGULAR,REGULAR,PACF,10247
TLRY,20250717 08:24:34.155000,0,0.6,143,0.6,13,REGULAR,REGULAR,PACF,10247
TLRY,20250717 08:24:34.161000,0,0.6,143,0.6,13,REGULAR,REGULAR,PACF,10247
TLRY,20250717 08:24:34.161000,0,0.6,143,0.6,13,REGULAR,REGULAR,PACF,10247
TLRY,20250717 08:24:36.634000,0,0.6,28,0.6,44,REGULAR,REGULAR,EDGX,10247
TLRY,20250717 08:24:37.130000,0,0.6,28,0.6,44,REGULAR,REGULAR,EDGX,10247
TLRY,20250717 08:24:37.141000,0,0.6,28,0.6,44,REGULAR,REGULAR,EDGX,10247
TLRY,20250717 08:25:08.239000,0,0.6,28,0.6,44,REGULAR,REGULAR,EDGX,10247
TLRY,20250717 08:25:32.302000,0,0.6,5,0.6,44,REGULAR,REGULAR,MEMX,10247
TLRY,20250717 08:25:34.628000,0,0.6,5,0.6,44,REGULAR,REGULAR,MEMX,10247
TLRY,20250717 08:25:36.579000,0,0.6,5,0.6,44,REGULAR,REGULAR,MEMX,10247
TLRY,20250717 08:25:42.284000,0,0.6,5,0.61,138,REGULAR,REGULAR,MEMX,10247
TLRY,20250717 08:26:04.222000,0,0.6,5,0.6,2,REGULAR,REGULAR,MEMX,10305
TLRY,20250717 08:26:06.413000,0,0.6,5,0.6,2,REGULAR,REGULAR,MEMX,10305
TLRY,20250717 08:26:10.328000,0,0.6,5,0.6,2,REGULAR,REGULAR,MEMX,10305
TLRY,20250717 08:26:25.783000,0,0.6,5,0.6,2,REGULAR,REGULAR,MEMX,10305
TLRY,20250717 08:26:26.373000,0,0.6,5,0.6,2,REGULAR,REGULAR,MEMX,10305
TLRY,20250717 08:26:35.720000,0,0.6,5,0.6,2,REGULAR,REGULAR,MEMX,10305
TLRY,20250717 08:26:42.292000,0,0.6,5,0.6,2,REGULAR,REGULAR,MEMX,10305
TLRY,20250717 08:26:46.758000,0,0.6,5,0.6,2,REGULAR,REGULAR,MEMX,10305
TLRY,20250717 08:26:54.897000,0,0.6,105,0.6,2,REGULAR,REGULAR,MEMX,10305
TLRY,20250717 08:27:20.913000,0,0.6,105,0.6,2,REGULAR,REGULAR,MEMX,10305
TLRY,20250717 08:27:49.434000,0,0.6,105,0.6,44,REGULAR,REGULAR,MEMX,10247
TLRY,20250717 08:27:59.631000,0,0.6,105,0.6,44,REGULAR,REGULAR,MEMX,10247
TLRY,20250717 08:28:17.319000,0,0.6,105,0.61,138,REGULAR,REGULAR,MEMX,10247
TLRY,20250717 08:28:17.320000,0,0.6,105,0.61,138,REGULAR,REGULAR,MEMX,10247
TLRY,20250717 08:28:17.583000,0,0.6,105,0.6,43,REGULAR,REGULAR,MEMX,10247
TLRY,20250717 08:28:22.489000,0,0.6,105,0.61,138,REGULAR,REGULAR,MEMX,10247
TLRY,20250717 08:28:24.150000,0,0.6,105,0.6,43,REGULAR,REGULAR,MEMX,10247
TLRY,20250717 08:28:33.677000,0,0.6,105,0.6,43,REGULAR,REGULAR,MEMX,10247
TLRY,20250717 08:28:49.520000,0,0.6,105,0.6,43,REGULAR,REGULAR,MEMX,10247
TLRY,20250717 08:28:49.643000,0,0.6,105,0.6,43,REGULAR,REGULAR,MEMX,10247
TLRY,20250717 08:28:50.113000,0,0.6,105,0.6,43,REGULAR,REGULAR,MEMX,10247
TLRY,20250717 08:28:53.728000,0,0.6,105,0.6,43,REGULAR,REGULAR,MEMX,10247
TLRY,20250717 08:29:05.765000,0,0.6,105,0.6,43,REGULAR,REGULAR,MEMX,10247
TLRY,20250717 08:29:06.050000,0,0.6,105,0.61,138,REGULAR,REGULAR,MEMX,10247
TLRY,20250717 08:29:30.158000,0,0.6,105,0.6,43,REGULAR,REGULAR,MEMX,10247
TLRY,20250717 08:29:41.904000,0,0.6,105,0.6,43,REGULAR,REGULAR,MEMX,10247
TLRY,20250717 08:29:47.995000,0,0.6,100,0.6,43,REGULAR,REGULAR,MEMX,10247
TLRY,20250717 08:29:47.995000,0,0.6,100,0.6,43,REGULAR,REGULAR,MEMX,10247
TLRY,20250717 08:29:50.939000,0,0.6,100,0.6,43,REGULAR,REGULAR,MEMX,10247
TLRY,20250717 08:30:23.284000,0,0.6,100,0.6,43,REGULAR,REGULAR,MEMX,10247
TLRY,20250717 08:30:32.714000,0,0.6,100,0.6,43,REGULAR,REGULAR,MEMX,10247
TLRY,20250717 08:30:44.820000,0,0.6,100,0.61,138,REGULAR,REGULAR,MEMX,10247
TLRY,20250717 08:31:17.584000,0,0.6,100,0.6,43,REGULAR,REGULAR,MEMX,10247
TLRY,20250717 08:31:56.429000,0,0.6,25,0.6,43,REGULAR,REGULAR,EDGX,10247
TLRY,20250717 08:33:15.459000,0,0.6,25,0.6,43,REGULAR,REGULAR,EDGX,10247
TLRY,20250717 08:33:32.838000,0,0.6,3,0.6,43,REGULAR,REGULAR,PACF,10247
TLRY,20250717 08:33:54.919000,0,0.6,3,0.6,43,REGULAR,REGULAR,PACF,10247
TLRY,20250717 08:34:14.233000,0,0.6,3,0.6,43,REGULAR,REGULAR,PACF,10247
TLRY,20250717 08:34:23.331000,0,0.6,1,0.6,8,REGULAR,REGULAR,EDGX,10241
TLRY,20250717 08:34:23.333000,0,0.6,1,0.6,39,REGULAR,REGULAR,EDGX,10305
TLRY,20250717 08:34:23.333000,0,0.6,1,0.6,39,REGULAR,REGULAR,EDGX,10305
TLRY,20250717 08:34:23.334000,0,0.6,1,0.6,39,REGULAR,REGULAR,EDGX,10305
TLRY,20250717 08:34:30.173000,0,0.6,1,0.6,39,REGULAR,REGULAR,EDGX,10305
TLRY,20250717 08:34:30.708000,0,0.6,1,0.6,39,REGULAR,REGULAR,EDGX,10305
TLRY,20250717 08:35:45.975000,0,0.6,100,0.6,16,REGULAR,REGULAR,MEMX,10247
TLRY,20250717 08:35:45.975000,0,0.6,100,0.6,16,REGULAR,REGULAR,MEMX,10247
TLRY,20250717 08:35:45.979000,0,0.6,100,0.6,16,REGULAR,REGULAR,MEMX,10247
TLRY,20250717 08:35:45.979000,0,0.6,100,0.6,16,REGULAR,REGULAR,MEMX,10247
TLRY,20250717 08:35:45.983000,0,0.6,82,0.6,16,REGULAR,REGULAR,MEMX,10247
TLRY,20250717 08:36:38.248000,0,0.6,82,0.6,39,REGULAR,REGULAR,MEMX,10305
TLRY,20250717 08:36:50.558000,0,0.6,82,0.6,39,REGULAR,REGULAR,MEMX,10305
TLRY,20250717 08:36:51.363000,0,0.6,82,0.6,39,REGULAR,REGULAR,MEMX,10305
TLRY,20250717 08:36:52.704000,0,0.6,82,0.6,39,REGULAR,REGULAR,MEMX,10305
TLRY,20250717 08:36:52.707000,0,0.6,82,0.6,39,REGULAR,REGULAR,MEMX,10305
TLRY,20250717 08:37:07.788000,0,0.6,82,0.6,39,REGULAR,REGULAR,MEMX,10305
TLRY,20250717 08:37:13.293000,0,0.6,22,0.6,39,REGULAR,REGULAR,MEMX,10305
TLRY,20250717 08:37:13.293000,0,0.6,22,0.6,39,REGULAR,REGULAR,MEMX,10305
TLRY,20250717 08:37:13.294000,0,0.6,13,0.6,39,REGULAR,REGULAR,MEMX,10305
TLRY,20250717 08:37:13.294000,0,0.6,13,0.6,39,REGULAR,REGULAR,MEMX,10305
TLRY,20250717 08:37:23.028000,0,0.6,13,0.6,39,REGULAR,REGULAR,MEMX,10305
TLRY,20250717 08:37:36.344000,0,0.6,13,0.6,39,REGULAR,REGULAR,MEMX,10305
TLRY,20250717 08:37:50.328000,0,0.6,13,0.6,39,REGULAR,REGULAR,MEMX,10305
TLRY,20250717 08:38:13.153000,0,0.6,13,0.6,39,REGULAR,REGULAR,MEMX,10305
TLRY,20250717 08:38:16.353000,0,0.6,13,0.6,39,REGULAR,REGULAR,MEMX,10305
TLRY,20250717 08:38:33.603000,0,0.6,13,0.6,39,REGULAR,REGULAR,MEMX,10305
TLRY,20250717 08:39:05.533000,0,0.6,13,0.61,138,REGULAR,REGULAR,MEMX,10247
TLRY,20250717 08:39:14.117000,0,0.6,13,0.6,17,REGULAR,REGULAR,MEMX,10305
TLRY,20250717 08:39:14.353000,0,0.6,13,0.6,17,REGULAR,REGULAR,MEMX,10305
TLRY,20250717 08:39:18.846000,0,0.6,13,0.61,138,REGULAR,REGULAR,MEMX,10247
TLRY,20250717 08:39:21.772000,0,0.6,13,0.6,3,REGULAR,REGULAR,MEMX,10305
TLRY,20250717 08:39:32.680000,0,0.6,1,0.6,3,REGULAR,REGULAR,PACF,10305
TLRY,20250717 08:39:32.680000,0,0.6,1,0.6,3,REGULAR,REGULAR,PACF,10305
TLRY,20250717 08:39:32.680000,0,0.6,1,0.6,3,REGULAR,REGULAR,PACF,10305
TLRY,20250717 08:39:32.680000,0,0.6,1,0.6,3,REGULAR,REGULAR,PACF,10305
TLRY,20250717 08:39:32.681000,0,0.6,5,0.6,1,REGULAR,REGULAR,EDGX,10247
TLRY,20250717 08:39:32.681000,0,0.6,5,0.6,1,REGULAR,REGULAR,EDGX,10247
TLRY,20250717 08:39:34.387000,0,0.6,5,0.6,3,REGULAR,REGULAR,EDGX,10305
TLRY,20250717 08:39:44.383000,0,0.6,5,0.6,3,REGULAR,REGULAR,EDGX,10305
TLRY,20250717 08:39:56.693000,0,0.6,5,0.6,3,REGULAR,REGULAR,EDGX,10305
TLRY,20250717 08:40:09.868000,0,0.6,5,0.6,3,REGULAR,REGULAR,EDGX,10305
TLRY,20250717 08:40:27.984000,0,0.6,5,0.6,3,REGULAR,REGULAR,EDGX,10305
TLRY,20250717 08:40:29.113000,0,0.6,5,0.61,138,REGULAR,REGULAR,EDGX,10247
TLRY,20250717 08:41:07.649000,0,0.6,2,0.6,2,REGULAR,REGULAR,EDGX,10305
TLRY,20250717 08:41:32.880000,0,0.6,2,0.61,138,REGULAR,REGULAR,EDGX,10247
TLRY,20250717 08:42:22.679000,0,0.6,2,0.61,138,REGULAR,REGULAR,EDGX,10247
TLRY,20250717 08:42:36.733000,0,0.6,2,0.61,138,REGULAR,REGULAR,EDGX,10247
TLRY,20250717 08:42:50.893000,0,0.6,2,0.61,138,REGULAR,REGULAR,EDGX,10247
TLRY,20250717 08:43:36.204000,0,0.6,2,0.61,138,REGULAR,REGULAR,EDGX,10247
TLRY,20250717 08:44:19.564000,0,0.6,2,0.61,138,REGULAR,REGULAR,EDGX,10247
TLRY,20250717 08:44:25.136000,0,0.6,2,0.61,138,REGULAR,REGULAR,EDGX,10247
TLRY,20250717 08:44:26.568000,0,0.6,2,0.61,138,REGULAR,REGULAR,EDGX,10247
TLRY,20250717 08:45:39.667000,0,0.6,2,0.61,138,REGULAR,REGULAR,EDGX,10247
TLRY,20250717 08:45:48.286000,0,0.6,2,0.6,1,REGULAR,REGULAR,EDGX,10247
TLRY,20250717 08:45:48.288000,0,0.6,2,0.6,1,REGULAR,REGULAR,EDGX,10247
TLRY,20250717 08:46:28.523000,0,0.6,8,0.61,141,REGULAR,REGULAR,NQEX,10247
TLRY,20250717 08:46:44.524000,0,0.6,8,0.61,141,REGULAR,REGULAR,NQEX,10247
TLRY,20250717 08:47:00.024000,0,0.6,25,0.61,141,REGULAR,REGULAR,EDGX,10247
TLRY,20250717 08:48:30.028000,0,0.6,25,0.61,154,REGULAR,REGULAR,EDGX,10247
TLRY,20250717 08:48:35.184000,0,0.6,25,0.61,154,REGULAR,REGULAR,EDGX,10247
TLRY,20250717 08:48:36.143000,0,0.6,25,0.61,154,REGULAR,REGULAR,EDGX,10247
TLRY,20250717 08:49:09.077000,0,0.6,8,0.61,154,REGULAR,REGULAR,NQEX,10247
TLRY,20250717 08:49:17.974000,0,0.6,8,0.61,154,REGULAR,REGULAR,NQEX,10247
TLRY,20250717 08:49:26.108000,0,0.6,9,0.61,154,REGULAR,REGULAR,PACF,10247
TLRY,20250717 08:49:33.762000,0,0.6,9,0.61,154,REGULAR,REGULAR,PACF,10247
TLRY,20250717 08:49:36.414000,0,0.6,9,0.61,154,REGULAR,REGULAR,PACF,10247
TLRY,20250717 08:49:52.107000,0,0.6,9,0.61,154,REGULAR,REGULAR,PACF,10247
TLRY,20250717 08:49:53.008000,0,0.6,9,0.61,154,REGULAR,REGULAR,PACF,10247
TLRY,20250717 08:50:11.878000,0,0.6,9,0.61,154,REGULAR,REGULAR,PACF,10247
TLRY,20250717 08:50:32.348000,0,0.6,9,0.61,154,REGULAR,REGULAR,PACF,10247
TLRY,20250717 08:50:33.983000,0,0.6,9,0.61,154,REGULAR,REGULAR,PACF,10247
TLRY,20250717 08:51:35.714000,0,0.6,9,0.61,154,REGULAR,REGULAR,PACF,10247
TLRY,20250717 08:51:55.750000,0,0.6,9,0.61,154,REGULAR,REGULAR,PACF,10247
TLRY,20250717 08:51:58.172000,0,0.6,9,0.61,154,REGULAR,REGULAR,PACF,10247
TLRY,20250717 08:52:35.263000,0,0.6,9,0.61,159,REGULAR,REGULAR,PACF,10247
TLRY,20250717 08:52:42.426000,0,0.6,9,0.61,159,REGULAR,REGULAR,PACF,10247
TLRY,20250717 08:52:42.427000,0,0.6,9,0.61,159,REGULAR,REGULAR,PACF,10247
TLRY,20250717 08:53:00.900000,0,0.6,9,0.61,154,REGULAR,REGULAR,PACF,10247
TLRY,20250717 08:53:25.758000,0,0.6,9,0.61,154,REGULAR,REGULAR,PACF,10247
TLRY,20250717 08:53:38.729000,0,0.6,10,0.61,154,REGULAR,REGULAR,PACF,10247
TLRY,20250717 08:53:41.765000,0,0.6,10,0.61,154,REGULAR,REGULAR,PACF,10247
TLRY,20250717 08:53:51.957000,0,0.6,10,0.61,154,REGULAR,REGULAR,PACF,10247
TLRY,20250717 08:53:53.659000,0,0.6,10,0.61,154,REGULAR,REGULAR,PACF,10247
TLRY,20250717 08:54:01.803000,0,0.6,10,0.61,154,REGULAR,REGULAR,PACF,10247
TLRY,20250717 08:54:42.398000,0,0.6,5,0.61,154,REGULAR,REGULAR,NQEX,10247
TLRY,20250717 08:54:52.688000,0,0.6,5,0.61,154,REGULAR,REGULAR,NQEX,10247
TLRY,20250717 08:55:28.840000,0,0.6,5,0.61,154,REGULAR,REGULAR,NQEX,10247
TLRY,20250717 08:55:28.840000,0,0.6,5,0.61,154,REGULAR,REGULAR,NQEX,10247
TLRY,20250717 08:55:47.211000,0,0.6,5,0.61,154,REGULAR,REGULAR,NQEX,10247
TLRY,20250717 08:55:51.399000,0,0.6,5,0.61,154,REGULAR,REGULAR,NQEX,10247
TLRY,20250717 08:56:39.484000,0,0.6,5,0.61,154,REGULAR,REGULAR,NQEX,10247
TLRY,20250717 08:56:54.247000,0,0.6,5,0.61,154,REGULAR,REGULAR,NQEX,10247
TLRY,20250717 08:57:00.495000,0,0.6,5,0.61,154,REGULAR,REGULAR,NQEX,10247
TLRY,20250717 08:57:14.697000,0,0.6,5,0.61,154,REGULAR,REGULAR,NQEX,10247
TLRY,20250717 08:57:25.074000,0,0.6,5,0.61,154,REGULAR,REGULAR,NQEX,10247
TLRY,20250717 08:57:57.798000,0,0.6,5,0.61,154,REGULAR,REGULAR,NQEX,10247
TLRY,20250717 08:58:15.404000,0,0.6,5,0.61,154,REGULAR,REGULAR,NQEX,10247
TLRY,20250717 08:58:39.083000,0,0.6,5,0.61,154,REGULAR,REGULAR,NQEX,10247
TLRY,20250717 09:01:48.999000,0,0.6,5,0.61,154,REGULAR,REGULAR,NQEX,10247
TLRY,20250717 09:02:42.076000,0,0.6,5,0.61,154,REGULAR,REGULAR,NQEX,10247
TLRY,20250717 09:02:51.698000,0,0.6,5,0.61,154,REGULAR,REGULAR,NQEX,10247
TLRY,20250717 09:03:12.394000,0,0.6,5,0.61,154,REGULAR,REGULAR,NQEX,10247
TLRY,20250717 09:03:15.655000,0,0.6,5,0.61,154,REGULAR,REGULAR,NQEX,10247
TLRY,20250717 09:03:16.384000,0,0.6,5,0.61,154,REGULAR,REGULAR,NQEX,10247
TLRY,20250717 09:03:16.385000,0,0.6,5,0.61,154,REGULAR,REGULAR,NQEX,10247
TLRY,20250717 09:03:26.040000,0,0.6,5,0.61,154,REGULAR,REGULAR,NQEX,10247
TLRY,20250717 09:03:28.264000,0,0.6,5,0.61,154,REGULAR,REGULAR,NQEX,10247
TLRY,20250717 09:03:37.543000,0,0.6,5,0.61,154,REGULAR,REGULAR,NQEX,10247
TLRY,20250717 09:04:06.314000,0,0.6,5,0.61,154,REGULAR,REGULAR,NQEX,10247
TLRY,20250717 09:04:06.314000,0,0.6,5,0.61,154,REGULAR,REGULAR,NQEX,10247
TLRY,20250717 09:04:06.315000,0,0.6,5,0.61,154,REGULAR,REGULAR,NQEX,10247
TLRY,20250717 09:04:06.316000,0,0.6,5,0.61,154,REGULAR,REGULAR,NQEX,10247
TLRY,20250717 09:04:06.317000,0,0.6,5,0.61,154,REGULAR,REGULAR,NQEX,10247
TLRY,20250717 09:04:06.317000,0,0.6,5,0.61,154,REGULAR,REGULAR,NQEX,10247
TLRY,20250717 09:04:10.654000,0,0.6,5,0.61,154,REGULAR,REGULAR,NQEX,10247
TLRY,20250717 09:04:23.087000,0,0.6,5,0.61,154,REGULAR,REGULAR,NQEX,10247
TLRY,20250717 09:05:28.556000,0,0.6,5,0.61,154,REGULAR,REGULAR,NQEX,10247
TLRY,20250717 09:05:42.646000,0,0.6,5,0.61,154,REGULAR,REGULAR,NQEX,10247
TLRY,20250717 09:06:02.154000,0,0.6,5,0.61,154,REGULAR,REGULAR,NQEX,10247
TLRY,20250717 09:06:13.854000,0,0.6,5,0.61,154,REGULAR,REGULAR,NQEX,10247
TLRY,20250717 09:06:37.881000,0,0.6,5,0.61,154,REGULAR,REGULAR,NQEX,10247
TLRY,20250717 09:07:15.690000,0,0.6,10,0.61,154,REGULAR,REGULAR,PACF,10247
TLRY,20250717 09:07:19.309000,0,0.6,10,0.61,154,REGULAR,REGULAR,PACF,10247
TLRY,20250717 09:07:20.559000,0,0.6,10,0.61,154,REGULAR,REGULAR,PACF,10247
TLRY,20250717 09:07:33.428000,0,0.6,10,0.61,154,REGULAR,REGULAR,PACF,10247
TLRY,20250717 09:07:58.289000,0,0.6,5,0.6,1,REGULAR,REGULAR,NQEX,10247
TLRY,20250717 09:08:46.721000,0,0.6,5,0.61,154,REGULAR,REGULAR,NQEX,10247
TLRY,20250717 09:08:57.584000,0,0.6,5,0.61,154,REGULAR,REGULAR,NQEX,10247
TLRY,20250717 09:09:57.710000,0,0.6,5,0.61,154,REGULAR,REGULAR,NQEX,10247
TLRY,20250717 09:10:39.948000,0,0.6,5,0.61,154,REGULAR,REGULAR,NQEX,10247
TLRY,20250717 09:10:42.917000,0,0.6,5,0.61,154,REGULAR,REGULAR,NQEX,10247
TLRY,20250717 09:12:05.288000,0,0.6,5,0.6,1,REGULAR,REGULAR,NQEX,10247
TLRY,20250717 09:12:25.079000,0,0.6,5,0.6,1,REGULAR,REGULAR,NQEX,10247
TLRY,20250717 09:12:49.676000,0,0.6,5,0.6,1,REGULAR,REGULAR,NQEX,10247
TLRY,20250717 09:12:51.206000,0,0.6,5,0.6,1,REGULAR,REGULAR,NQEX,10247
TLRY,20250717 09:12:54.871000,0,0.6,5,0.6,13,REGULAR,REGULAR,NQEX,10247
TLRY,20250717 09:13:46.014000,0,0.6,5,0.6,13,REGULAR,REGULAR,NQEX,10247
TLRY,20250717 09:14:04.023000,0,0.6,5,0.6,13,REGULAR,REGULAR,NQEX,10247
TLRY,20250717 09:14:22.889000,0,0.6,7,0.6,13,REGULAR,REGULAR,PACF,10247
TLRY,20250717 09:14:30.973000,0,0.6,7,0.6,13,REGULAR,REGULAR,PACF,10247
TLRY,20250717 09:14:33.144000,0,0.6,7,0.6,13,REGULAR,REGULAR,PACF,10247
TLRY,20250717 09:14:34.624000,0,0.6,7,0.6,1,REGULAR,REGULAR,PACF,10313
TLRY,20250717 09:14:34.766000,0,0.6,5,0.6,1,REGULAR,REGULAR,NQEX,10247
TLRY,20250717 09:14:34.766000,0,0.6,5,0.6,1,REGULAR,REGULAR,NQEX,10247
TLRY,20250717 09:14:54.502000,0,0.6,5,0.6,1,REGULAR,REGULAR,NQEX,10247
TLRY,20250717 09:14:54.502000,0,0.6,5,0.6,1,REGULAR,REGULAR,NQEX,10247
TLRY,20250717 09:14:54.504000,0,0.6,1,0.61,141,REGULAR,REGULAR,PACF,10247
TLRY,20250717 09:14:54.504000,0,0.6,1,0.61,141,REGULAR,REGULAR,PACF,10247
TLRY,20250717 09:14:54.504000,0,0.6,1,0.61,141,REGULAR,REGULAR,PACF,10247
TLRY,20250717 09:14:54.505000,0,0.6,1,0.61,113,REGULAR,REGULAR,PACF,10247
TLRY,20250717 09:14:54.505000,0,0.6,1,0.61,113,REGULAR,REGULAR,PACF,10247
TLRY,20250717 09:14:54.505000,0,0.6,1,0.61,113,REGULAR,REGULAR,PACF,10247
TLRY,20250717 09:14:54.505000,0,0.6,1,0.61,113,REGULAR,REGULAR,PACF,10247
TLRY,20250717 09:14:54.505000,0,0.6,1,0.61,113,REGULAR,REGULAR,PACF,10247
TLRY,20250717 09:15:45.298000,0,0.6,5,0.61,113,REGULAR,REGULAR,NQEX,10247
TLRY,20250717 09:15:47.154000,0,0.6,5,0.61,113,REGULAR,REGULAR,NQEX,10247
TLRY,20250717 09:15:53.909000,0,0.6,5,0.61,113,REGULAR,REGULAR,NQEX,10247
TLRY,20250717 09:17:34.744000,0,0.6,5,0.61,113,REGULAR,REGULAR,EDGX,10247
TLRY,20250717 09:17:52.662000,0,0.6,5,0.61,113,REGULAR,REGULAR,EDGX,10247
TLRY,20250717 09:18:12.147000,0,0.6,4,0.61,113,REGULAR,REGULAR,NQEX,10247
TLRY,20250717 09:18:21.032000,0,0.6,4,0.61,113,REGULAR,REGULAR,NQEX,10247
TLRY,20250717 09:18:26.399000,0,0.6,4,0.61,113,REGULAR,REGULAR,NQEX,10247
TLRY,20250717 09:18:29.959000,0,0.6,4,0.61,113,REGULAR,REGULAR,NQEX,10247
TLRY,20250717 09:18:31.159000,0,0.6,4,0.61,113,REGULAR,REGULAR,NQEX,10247
TLRY,20250717 09:18:39.419000,0,0.6,4,0.61,113,REGULAR,REGULAR,NQEX,10247
TLRY,20250717 09:19:06.744000,0,0.6,30,0.6,1,REGULAR,REGULAR,BATS,10305
TLRY,20250717 09:20:04.761000,0,0.6,30,0.6,1,REGULAR,REGULAR,BATS,10305
TLRY,20250717 09:20:12.493000,0,0.6,30,0.6,1,REGULAR,REGULAR,BATS,10305
TLRY,20250717 09:20:12.494000,0,0.6,30,0.6,1,REGULAR,REGULAR,BATS,10305
TLRY,20250717 09:20:12.495000,0,0.6,30,0.6,1,REGULAR,REGULAR,BATS,10305
TLRY,20250717 09:21:01.193000,0,0.6,30,0.6,1,REGULAR,REGULAR,BATS,10305
TLRY,20250717 09:21:01.193000,0,0.6,30,0.6,1,REGULAR,REGULAR,BATS,10305
TLRY,20250717 09:21:01.194000,0,0.6,30,0.6,1,REGULAR,REGULAR,BATS,10305
TLRY,20250717 09:21:01.194000,0,0.6,30,0.6,1,REGULAR,REGULAR,BATS,10305
TLRY,20250717 09:21:07.465000,0,0.6,30,0.6,1,REGULAR,REGULAR,BATS,10305
TLRY,20250717 09:21:39.129000,0,0.6,30,0.6,1,REGULAR,REGULAR,BATS,10305
TLRY,20250717 09:22:01.184000,0,0.6,30,0.61,113,REGULAR,REGULAR,BATS,10247
TLRY,20250717 09:22:01.184000,0,0.6,30,0.61,113,REGULAR,REGULAR,BATS,10247
TLRY,20250717 09:22:01.184000,0,0.6,30,0.61,113,REGULAR,REGULAR,BATS,10247
TLRY,20250717 09:22:01.186000,0,0.6,30,0.61,113,REGULAR,REGULAR,BATS,10247
TLRY,20250717 09:23:09.351000,0,0.6,4,0.61,113,REGULAR,REGULAR,NQEX,10247
TLRY,20250717 09:23:51.818000,0,0.6,4,0.61,113,REGULAR,REGULAR,NQEX,10247
TLRY,20250717 09:24:07.460000,0,0.6,4,0.61,113,REGULAR,REGULAR,NQEX,10247
TLRY,20250717 09:24:24.593000,0,0.6,4,0.61,113,REGULAR,REGULAR,NQEX,10247
TLRY,20250717 09:24:46.976000,0,0.6,4,0.61,113,REGULAR,REGULAR,NQEX,10247
TLRY,20250717 09:24:46.977000,0,0.6,4,0.61,113,REGULAR,REGULAR,NQEX,10247
TLRY,20250717 09:24:46.980000,0,0.6,2,0.61,113,REGULAR,REGULAR,NQEX,10247
TLRY,20250717 09:24:46.981000,0,0.6,2,0.61,113,REGULAR,REGULAR,NQEX,10247
TLRY,20250717 09:24:50.939000,0,0.6,2,0.61,113,REGULAR,REGULAR,NQEX,10247
TLRY,20250717 09:25:09.959000,0,0.6,2,0.6,1,REGULAR,REGULAR,NQEX,10247
TLRY,20250717 09:25:09.961000,0,0.6,2,0.6,1,REGULAR,REGULAR,NQEX,10247
TLRY,20250717 09:25:26.196000,0,0.6,2,0.6,1,REGULAR,REGULAR,NQEX,10247
TLRY,20250717 09:25:40.950000,0,0.6,2,0.61,113,REGULAR,REGULAR,NQEX,10247
TLRY,20250717 09:25:53.584000,0,0.6,2,0.61,113,REGULAR,REGULAR,NQEX,10247
TLRY,20250717 09:25:57.550000,0,0.6,2,0.61,113,REGULAR,REGULAR,NQEX,10247
TLRY,20250717 09:26:06.538000,0,0.6,2,0.61,113,REGULAR,REGULAR,NQEX,10247
TLRY,20250717 09:26:13.084000,0,0.6,2,0.61,113,REGULAR,REGULAR,NQEX,10247
TLRY,20250717 09:26:13.795000,0,0.6,2,0.61,113,REGULAR,REGULAR,NQEX,10247
TLRY,20250717 09:26:27.513000,0,0.6,2,0.61,113,REGULAR,REGULAR,NQEX,10247
TLRY,20250717 09:26:30.067000,0,0.6,2,0.61,113,REGULAR,REGULAR,NQEX,10247
TLRY,20250717 09:26:30.512000,0,0.6,2,0.61,113,REGULAR,REGULAR,NQEX,10247
TLRY,20250717 09:26:33.316000,0,0.6,2,0.6,1,REGULAR,REGULAR,NQEX,10247
TLRY,20250717 09:26:33.321000,0,0.6,2,0.6,10,REGULAR,REGULAR,NQEX,10247
TLRY,20250717 09:26:33.322000,0,0.6,2,0.6,10,REGULAR,REGULAR,NQEX,10247
TLRY,20250717 09:26:46.533000,0,0.6,2,0.6,1,REGULAR,REGULAR,NQEX,10247
TLRY,20250717 09:26:46.535000,0,0.6,2,0.6,1,REGULAR,REGULAR,NQEX,10247
TLRY,20250717 09:26:51.489000,0,0.6,2,0.6,1,REGULAR,REGULAR,NQEX,10247
TLRY,20250717 09:27:01.529000,0,0.6,3,0.61,141,REGULAR,REGULAR,PACF,10247
TLRY,20250717 09:27:17.204000,0,0.6,3,0.6,1,REGULAR,REGULAR,PACF,10247
TLRY,20250717 09:27:17.206000,0,0.6,3,0.6,1,REGULAR,REGULAR,PACF,10247
TLRY,20250717 09:27:31.498000,0,0.6,3,0.6,11,REGULAR,REGULAR,PACF,10247
TLRY,20250717 09:27:44.505000,0,0.6,3,0.61,141,REGULAR,REGULAR,PACF,10247
TLRY,20250717 09:27:51.588000,0,0.6,3,0.61,141,REGULAR,REGULAR,PACF,10247
TLRY,20250717 09:28:19.852000,0,0.6,1,0.6,1,REGULAR,REGULAR,PACF,10247
TLRY,20250717 09:28:19.852000,0,0.6,1,0.6,1,REGULAR,REGULAR,PACF,10247
TLRY,20250717 09:28:19.852000,0,0.6,1,0.6,1,REGULAR,REGULAR,PACF,10247
TLRY,20250717 09:28:36.445000,0,0.6,2,0.6,1,REGULAR,REGULAR,MEMX,10247
TLRY,20250717 09:28:42.581000,0,0.6,2,0.6,458,REGULAR,REGULAR,MEMX,10247
TLRY,20250717 09:29:06.645000,0,0.6,2,0.61,31,REGULAR,REGULAR,MEMX,10247
TLRY,20250717 09:29:48.864000,0,0.6,2,0.61,31,REGULAR,REGULAR,MEMX,10247
TLRY,20250717 09:29:48.864000,0,0.6,2,0.61,31,REGULAR,REGULAR,MEMX,10247
TLRY,20250717 09:30:00.083000,0,0.6,2,0.61,31,REGULAR,REGULAR,MEMX,10247
TLRY,20250717 09:30:00.083000,0,0.6,2,0.61,31,REGULAR,REGULAR,MEMX,10247
TLRY,20250717 09:30:00.083000,0,0.6,2,0.61,31,REGULAR,REGULAR,MEMX,10247
TLRY,20250717 09:30:00.083000,0,0.6,2,0.61,31,REGULAR,REGULAR,MEMX,10247
TLRY,20250717 09:30:00.663000,0,0.6,2,0.61,47,REGULAR,REGULAR,MEMX,10247
TLRY,20250717 09:30:00.664000,0,0.6,2,0.6,92,REGULAR,REGULAR,MEMX,10241
TLRY,20250717 09:30:00.669000,0,0.6,2,0.6,91,REGULAR,REGULAR,MEMX,10241
TLRY,20250717 09:30:00.706000,0,0.6,1,0.6,91,REGULAR,REGULAR,MEMX,10241
TLRY,20250717 09:30:00.706000,0,0.6,1,0.6,91,REGULAR,REGULAR,MEMX,10241
TLRY,20250717 09:30:00.706000,0,0.6,1,0.6,91,REGULAR,REGULAR,MEMX,10241
TLRY,20250717 09:30:00.706000,0,0.6,1,0.6,91,REGULAR,REGULAR,MEMX,10241
TLRY,20250717 09:30:00.706000,0,0.6,1,0.6,91,REGULAR,REGULAR,MEMX,10241
TLRY,20250717 09:30:00.742000,0,0.6,1,0.6,107,REGULAR,REGULAR,MEMX,10241
TLRY,20250717 09:30:00.744000,0,0.6,1,0.6,107,REGULAR,REGULAR,MEMX,10241
TLRY,20250717 09:30:00.795000,0,0.6,1,0.6,107,REGULAR,REGULAR,MEMX,10241
TLRY,20250717 09:30:00.810000,0,0.6,1,0.6,107,REGULAR,REGULAR,MEMX,10241
TLRY,20250717 09:30:00.810000,0,0.6,1,0.6,107,REGULAR,REGULAR,MEMX,10241
TLRY,20250717 09:30:00.811000,0,0.6,1,0.6,107,REGULAR,REGULAR,MEMX,10241
TLRY,20250717 09:30:00.811000,0,0.6,1,0.6,107,REGULAR,REGULAR,MEMX,10241
TLRY,20250717 09:30:00.811000,0,0.6,1,0.6,107,REGULAR,REGULAR,MEMX,10241
TLRY,20250717 09:30:00.812000,0,0.6,1,0.6,107,REGULAR,REGULAR,MEMX,10241
TLRY,20250717 09:30:00.812000,0,0.6,1,0.6,107,REGULAR,REGULAR,MEMX,10241
TLRY,20250717 09:30:00.813000,0,0.6,1,0.6,107,REGULAR,REGULAR,MEMX,10241
TLRY,20250717 09:30:00.813000,0,0.6,1,0.6,107,REGULAR,REGULAR,MEMX,10241
TLRY,20250717 09:30:00.813000,0,0.6,1,0.6,107,REGULAR,REGULAR,MEMX,10241
TLRY,20250717 09:30:00.813000,0,0.6,1,0.6,107,REGULAR,REGULAR,MEMX,10241
TLRY,20250717 09:30:00.813000,0,0.6,1,0.6,107,REGULAR,REGULAR,MEMX,10241
TLRY,20250717 09:30:00.814000,0,0.6,1,0.6,107,REGULAR,REGULAR,MEMX,10241
TLRY,20250717 09:30:00.814000,0,0.6,1,0.6,107,REGULAR,REGULAR,MEMX,10241
TLRY,20250717 09:30:00.814000,0,0.6,1,0.6,107,REGULAR,REGULAR,MEMX,10241
TLRY,20250717 09:30:00.814000,0,0.6,1,0.6,107,REGULAR,REGULAR,MEMX,10241
TLRY,20250717 09:30:00.815000,0,0.6,1,0.6,107,REGULAR,REGULAR,MEMX,10241
TLRY,20250717 09:30:00.817000,0,0.6,1,0.6,107,REGULAR,REGULAR,MEMX,10241
TLRY,20250717 09:30:00.833000,0,0.6,1,0.6,107,REGULAR,REGULAR,MEMX,10241
TLRY,20250717 09:30:00.850000,0,0.6,1,0.6,107,REGULAR,REGULAR,MEMX,10241
TLRY,20250717 09:30:00.886000,0,0.6,1,0.6,107,REGULAR,REGULAR,MEMX,10241
TLRY,20250717 09:30:00.886000,0,0.6,1,0.6,107,REGULAR,REGULAR,MEMX,10241
TLRY,20250717 09:30:00.886000,0,0.6,1,0.6,107,REGULAR,REGULAR,MEMX,10241
TLRY,20250717 09:30:00.887000,0,0.6,1,0.6,107,REGULAR,REGULAR,MEMX,10241
TLRY,20250717 09:30:00.887000,0,0.6,1,0.6,107,REGULAR,REGULAR,MEMX,10241
TLRY,20250717 09:30:00.887000,0,0.6,1,0.6,107,REGULAR,REGULAR,MEMX,10241
TLRY,20250717 09:30:00.888000,0,0.6,1,0.6,107,REGULAR,REGULAR,MEMX,10241
TLRY,20250717 09:30:00.888000,0,0.6,1,0.6,107,REGULAR,REGULAR,MEMX,10241
TLRY,20250717 09:30:00.888000,0,0.6,1,0.6,107,REGULAR,REGULAR,MEMX,10241
TLRY,20250717 09:30:00.888000,0,0.6,1,0.6,107,REGULAR,REGULAR,MEMX,10241
TLRY,20250717 09:30:00.889000,0,0.6,10,0.6,107,REGULAR,REGULAR,PACF,10241
TLRY,20250717 09:30:00.889000,0,0.6,10,0.6,107,REGULAR,REGULAR,PACF,10241
TLRY,20250717 09:30:00.889000,0,0.6,10,0.6,107,REGULAR,REGULAR,PACF,10241
TLRY,20250717 09:30:00.889000,0,0.6,10,0.6,107,REGULAR,REGULAR,PACF,10241
TLRY,20250717 09:30:00.889000,0,0.6,10,0.6,107,REGULAR,REGULAR,PACF,10241
TLRY,20250717 09:30:00.889000,0,0.6,10,0.6,107,REGULAR,REGULAR,PACF,10241
TLRY,20250717 09:30:00.890000,0,0.6,10,0.6,107,REGULAR,REGULAR,PACF,10241
TLRY,20250717 09:30:00.890000,0,0.6,10,0.6,107,REGULAR,REGULAR,PACF,10241
TLRY,20250717 09:30:00.910000,0,0.6,10,0.6,107,REGULAR,REGULAR,PACF,10241
TLRY,20250717 09:30:00.911000,0,0.6,10,0.6,107,REGULAR,REGULAR,PACF,10241
TLRY,20250717 09:30:00.911000,0,0.6,10,0.6,107,REGULAR,REGULAR,PACF,10241
TLRY,20250717 09:30:00.912000,0,0.6,10,0.6,107,REGULAR,REGULAR,PACF,10241
TLRY,20250717 09:30:00.912000,0,0.6,10,0.6,107,REGULAR,REGULAR,PACF,10241
TLRY,20250717 09:30:00.913000,0,0.6,10,0.6,107,REGULAR,REGULAR,PACF,10241
TLRY,20250717 09:30:00.913000,0,0.6,10,0.6,107,REGULAR,REGULAR,PACF,10241
TLRY,20250717 09:30:00.914000,0,0.6,10,0.6,107,REGULAR,REGULAR,PACF,10241
TLRY,20250717 09:30:00.914000,0,0.6,10,0.6,107,REGULAR,REGULAR,PACF,10241
TLRY,20250717 09:30:00.914000,0,0.6,10,0.6,107,REGULAR,REGULAR,PACF,10241
TLRY,20250717 09:30:00.914000,0,0.6,10,0.6,107,REGULAR,REGULAR,PACF,10241
TLRY,20250717 09:30:00.915000,0,0.6,10,0.6,107,REGULAR,REGULAR,PACF,10241
TLRY,20250717 09:30:00.915000,0,0.6,10,0.6,107,REGULAR,REGULAR,PACF,10241
TLRY,20250717 09:30:00.915000,0,0.6,10,0.6,107,REGULAR,REGULAR,PACF,10241
TLRY,20250717 09:30:00.915000,0,0.6,10,0.6,107,REGULAR,REGULAR,PACF,10241
TLRY,20250717 09:30:00.916000,0,0.6,10,0.6,107,REGULAR,REGULAR,PACF,10241
TLRY,20250717 09:30:00.916000,0,0.6,10,0.6,107,REGULAR,REGULAR,PACF,10241
TLRY,20250717 09:30:00.970000,0,0.6,10,0.6,107,REGULAR,REGULAR,PACF,10241
TLRY,20250717 09:30:00.971000,0,0.6,10,0.6,107,REGULAR,REGULAR,PACF,10241
TLRY,20250717 09:30:00.971000,0,0.6,10,0.6,107,REGULAR,REGULAR,PACF,10241
TLRY,20250717 09:30:00.972000,0,0.6,10,0.6,107,REGULAR,REGULAR,PACF,10241
TLRY,20250717 09:30:00.972000,0,0.6,10,0.6,107,REGULAR,REGULAR,PACF,10241
TLRY,20250717 09:30:00.972000,0,0.6,10,0.6,107,REGULAR,REGULAR,PACF,10241
TLRY,20250717 09:30:00.972000,0,0.6,10,0.6,107,REGULAR,REGULAR,PACF,10241
TLRY,20250717 09:30:00.973000,0,0.6,10,0.6,107,REGULAR,REGULAR,PACF,10241
TLRY,20250717 09:30:00.973000,0,0.6,10,0.6,107,REGULAR,REGULAR,PACF,10241
TLRY,20250717 09:30:00.974000,0,0.6,10,0.6,107,REGULAR,REGULAR,PACF,10241
TLRY,20250717 09:30:00.974000,0,0.6,10,0.6,107,REGULAR,REGULAR,PACF,10241
TLRY,20250717 09:30:00.990000,0,0.6,10,0.6,107,REGULAR,REGULAR,PACF,10241
TLRY,20250717 09:30:00.991000,0,0.6,10,0.6,107,REGULAR,REGULAR,PACF,10241
TLRY,20250717 09:30:00.991000,0,0.6,10,0.6,107,REGULAR,REGULAR,PACF,10241
TLRY,20250717 09:30:00.992000,0,0.6,10,0.6,107,REGULAR,REGULAR,PACF,10241
TLRY,20250717 09:30:00.992000,0,0.6,10,0.6,107,REGULAR,REGULAR,PACF,10241
TLRY,20250717 09:30:00.992000,0,0.6,10,0.6,107,REGULAR,REGULAR,PACF,10241
TLRY,20250717 09:30:00.992000,0,0.6,10,0.6,107,REGULAR,REGULAR,PACF,10241
TLRY,20250717 09:30:00.993000,0,0.6,10,0.6,107,REGULAR,REGULAR,PACF,10241
TLRY,20250717 09:30:00.993000,0,0.6,10,0.6,107,REGULAR,REGULAR,PACF,10241
TLRY,20250717 09:30:00.993000,0,0.6,10,0.6,107,REGULAR,REGULAR,PACF,10241
TLRY,20250717 09:30:00.994000,0,0.6,10,0.6,107,REGULAR,REGULAR,PACF,10241
TLRY,20250717 09:30:00.994000,0,0.6,10,0.6,107,REGULAR,REGULAR,PACF,10241
TLRY,20250717 09:30:00.994000,0,0.6,10,0.6,107,REGULAR,REGULAR,PACF,10241
TLRY,20250717 09:30:01.017000,0,0.6,10,0.6,107,REGULAR,REGULAR,PACF,10241
TLRY,20250717 09:30:01.018000,0,0.6,10,0.6,107,REGULAR,REGULAR,PACF,10241
TLRY,20250717 09:30:01.020000,0,0.6,10,0.6,107,REGULAR,REGULAR,PACF,10241
TLRY,20250717 09:30:01.024000,0,0.6,10,0.6,107,REGULAR,REGULAR,PACF,10241
TLRY,20250717 09:30:01.027000,0,0.6,10,0.6,107,REGULAR,REGULAR,PACF,10241
TLRY,20250717 09:30:01.028000,0,0.6,10,0.6,107,REGULAR,REGULAR,PACF,10241
TLRY,20250717 09:30:01.030000,0,0.6,10,0.6,107,REGULAR,REGULAR,PACF,10241
TLRY,20250717 09:30:01.031000,0,0.6,10,0.6,107,REGULAR,REGULAR,PACF,10241
TLRY,20250717 09:30:01.032000,0,0.6,10,0.6,107,REGULAR,REGULAR,PACF,10241
TLRY,20250717 09:30:01.032000,0,0.6,10,0.6,107,REGULAR,REGULAR,PACF,10241
TLRY,20250717 09:30:01.032000,0,0.6,10,0.6,107,REGULAR,REGULAR,PACF,10241
TLRY,20250717 09:30:01.033000,0,0.6,10,0.6,107,REGULAR,REGULAR,PACF,10241
TLRY,20250717 09:30:01.033000,0,0.6,10,0.6,107,REGULAR,REGULAR,PACF,10241
TLRY,20250717 09:30:01.033000,0,0.6,10,0.6,107,REGULAR,REGULAR,PACF,10241
TLRY,20250717 09:30:01.034000,0,0.6,10,0.6,107,REGULAR,REGULAR,PACF,10241
TLRY,20250717 09:30:01.034000,0,0.6,10,0.6,107,REGULAR,REGULAR,PACF,10241
TLRY,20250717 09:30:01.034000,0,0.6,10,0.6,107,REGULAR,REGULAR,PACF,10241
TLRY,20250717 09:30:01.034000,0,0.6,10,0.6,107,REGULAR,REGULAR,PACF,10241
TLRY,20250717 09:30:01.034000,0,0.6,10,0.6,107,REGULAR,REGULAR,PACF,10241
TLRY,20250717 09:30:01.035000,0,0.6,10,0.6,107,REGULAR,REGULAR,PACF,10241
TLRY,20250717 09:30:01.035000,0,0.6,10,0.6,107,REGULAR,REGULAR,PACF,10241
TLRY,20250717 09:30:01.035000,0,0.6,10,0.6,107,REGULAR,REGULAR,PACF,10241
TLRY,20250717 09:30:01.035000,0,0.6,10,0.6,107,REGULAR,REGULAR,PACF,10241
TLRY,20250717 09:30:01.035000,0,0.6,10,0.6,107,REGULAR,REGULAR,PACF,10241
TLRY,20250717 09:30:01.036000,0,0.6,10,0.6,107,REGULAR,REGULAR,PACF,10241
TLRY,20250717 09:30:01.036000,0,0.6,10,0.6,107,REGULAR,REGULAR,PACF,10241
TLRY,20250717 09:30:01.036000,0,0.6,10,0.6,107,REGULAR,REGULAR,PACF,10241
TLRY,20250717 09:30:01.036000,0,0.6,10,0.6,107,REGULAR,REGULAR,PACF,10241
TLRY,20250717 09:30:01.056000,0,0.6,10,0.6,107,REGULAR,REGULAR,PACF,10241
TLRY,20250717 09:30:01.056000,0,0.6,10,0.6,107,REGULAR,REGULAR,PACF,10241
TLRY,20250717 09:30:01.057000,0,0.6,10,0.6,107,REGULAR,REGULAR,PACF,10241
TLRY,20250717 09:30:01.057000,0,0.6,10,0.6,107,REGULAR,REGULAR,PACF,10241
TLRY,20250717 09:30:01.057000,0,0.6,10,0.6,107,REGULAR,REGULAR,PACF,10241
TLRY,20250717 09:30:01.058000,0,0.6,10,0.6,107,REGULAR,REGULAR,PACF,10241
TLRY,20250717 09:30:01.058000,0,0.6,10,0.6,107,REGULAR,REGULAR,PACF,10241
TLRY,20250717 09:30:01.058000,0,0.6,10,0.6,107,REGULAR,REGULAR,PACF,10241
TLRY,20250717 09:30:01.058000,0,0.6,10,0.6,107,REGULAR,REGULAR,PACF,10241
TLRY,20250717 09:30:01.059000,0,0.6,10,0.6,107,REGULAR,REGULAR,PACF,10241
TLRY,20250717 09:30:01.059000,0,0.6,10,0.6,107,REGULAR,REGULAR,PACF,10241
TLRY,20250717 09:30:01.059000,0,0.6,10,0.6,107,REGULAR,REGULAR,PACF,10241
TLRY,20250717 09:30:01.060000,0,0.6,10,0.6,107,REGULAR,REGULAR,PACF,10241
TLRY,20250717 09:30:01.060000,0,0.6,10,0.6,107,REGULAR,REGULAR,PACF,10241
TLRY,20250717 09:30:01.060000,0,0.6,10,0.6,107,REGULAR,REGULAR,PACF,10241
TLRY,20250717 09:30:01.060000,0,0.6,10,0.6,107,REGULAR,REGULAR,PACF,10241
TLRY,20250717 09:30:01.060000,0,0.6,10,0.6,107,REGULAR,REGULAR,PACF,10241
TLRY,20250717 09:30:01.105000,0,0.6,10,0.6,107,REGULAR,REGULAR,PACF,10241
TLRY,20250717 09:30:01.105000,0,0.6,10,0.6,107,REGULAR,REGULAR,PACF,10241
TLRY,20250717 09:30:01.106000,0,0.6,10,0.6,107,REGULAR,REGULAR,PACF,10241
TLRY,20250717 09:30:01.106000,0,0.6,10,0.6,107,REGULAR,REGULAR,PACF,10241
TLRY,20250717 09:30:01.107000,0,0.6,10,0.6,107,REGULAR,REGULAR,PACF,10241
TLRY,20250717 09:30:01.107000,0,0.6,10,0.6,107,REGULAR,REGULAR,PACF,10241
TLRY,20250717 09:30:01.108000,0,0.6,10,0.6,107,REGULAR,REGULAR,PACF,10241
TLRY,20250717 09:30:01.108000,0,0.6,10,0.6,107,REGULAR,REGULAR,PACF,10241
TLRY,20250717 09:30:01.108000,0,0.6,10,0.6,107,REGULAR,REGULAR,PACF,10241
TLRY,20250717 09:30:01.109000,0,0.6,10,0.6,107,REGULAR,REGULAR,PACF,10241
TLRY,20250717 09:30:01.109000,0,0.6,10,0.6,107,REGULAR,REGULAR,PACF,10241
TLRY,20250717 09:30:01.155000,0,0.6,10,0.6,107,REGULAR,REGULAR,PACF,10241
TLRY,20250717 09:30:01.156000,0,0.6,10,0.6,107,REGULAR,REGULAR,PACF,10241
TLRY,20250717 09:30:01.156000,0,0.6,10,0.6,107,REGULAR,REGULAR,PACF,10241
TLRY,20250717 09:30:01.157000,0,0.6,10,0.6,107,REGULAR,REGULAR,PACF,10241
TLRY,20250717 09:30:01.157000,0,0.6,10,0.6,107,REGULAR,REGULAR,PACF,10241
TLRY,20250717 09:30:01.158000,0,0.6,10,0.6,107,REGULAR,REGULAR,PACF,10241
TLRY,20250717 09:30:01.158000,0,0.6,10,0.6,107,REGULAR,REGULAR,PACF,10241
TLRY,20250717 09:30:01.158000,0,0.6,10,0.6,107,REGULAR,REGULAR,PACF,10241
TLRY,20250717 09:30:01.159000,0,0.6,10,0.6,107,REGULAR,REGULAR,PACF,10241
TLRY,20250717 09:30:01.159000,0,0.6,10,0.6,107,REGULAR,REGULAR,PACF,10241
TLRY,20250717 09:30:01.159000,0,0.6,10,0.6,107,REGULAR,REGULAR,PACF,10241
TLRY,20250717 09:30:01.159000,0,0.6,10,0.6,107,REGULAR,REGULAR,PACF,10241
TLRY,20250717 09:30:01.160000,0,0.6,10,0.6,107,REGULAR,REGULAR,PACF,10241
TLRY,20250717 09:30:01.160000,0,0.6,10,0.6,107,REGULAR,REGULAR,PACF,10241
TLRY,20250717 09:30:01.179000,0,0.6,10,0.6,16,REGULAR,REGULAR,PACF,10241
TLRY,20250717 09:30:01.180000,0,0.6,10,0.6,16,REGULAR,REGULAR,PACF,10241
TLRY,20250717 09:30:01.180000,0,0.6,10,0.6,16,REGULAR,REGULAR,PACF,10241
TLRY,20250717 09:30:01.180000,0,0.6,10,0.6,16,REGULAR,REGULAR,PACF,10241
TLRY,20250717 09:30:01.181000,0,0.6,10,0.6,16,REGULAR,REGULAR,PACF,10241
TLRY,20250717 09:30:01.181000,0,0.6,10,0.6,16,REGULAR,REGULAR,PACF,10241
TLRY,20250717 09:30:01.181000,0,0.6,10,0.6,16,REGULAR,REGULAR,PACF,10241
TLRY,20250717 09:30:01.182000,0,0.6,10,0.6,16,REGULAR,REGULAR,PACF,10241
TLRY,20250717 09:30:01.182000,0,0.6,10,0.6,16,REGULAR,REGULAR,PACF,10241
TLRY,20250717 09:30:01.183000,0,0.6,10,0.6,16,REGULAR,REGULAR,PACF,10241
TLRY,20250717 09:30:01.183000,0,0.6,10,0.6,16,REGULAR,REGULAR,PACF,10241
TLRY,20250717 09:30:01.184000,0,0.6,10,0.6,16,REGULAR,REGULAR,PACF,10241
TLRY,20250717 09:30:01.184000,0,0.6,10,0.6,16,REGULAR,REGULAR,PACF,10241
TLRY,20250717 09:30:01.184000,0,0.6,10,0.6,16,REGULAR,REGULAR,PACF,10241
TLRY,20250717 09:30:01.279000,0,0.6,10,0.6,16,REGULAR,REGULAR,PACF,10241
TLRY,20250717 09:30:01.280000,0,0.6,10,0.6,16,REGULAR,REGULAR,PACF,10241
TLRY,20250717 09:30:01.280000,0,0.6,10,0.6,16,REGULAR,REGULAR,PACF,10241
TLRY,20250717 09:30:01.281000,0,0.6,10,0.6,16,REGULAR,REGULAR,PACF,10241
TLRY,20250717 09:30:01.281000,0,0.6,10,0.6,16,REGULAR,REGULAR,PACF,10241
TLRY,20250717 09:30:01.281000,0,0.6,10,0.6,16,REGULAR,REGULAR,PACF,10241
TLRY,20250717 09:30:01.281000,0,0.6,10,0.6,16,REGULAR,REGULAR,PACF,10241
TLRY,20250717 09:30:01.281000,0,0.6,10,0.6,16,REGULAR,REGULAR,PACF,10241
TLRY,20250717 09:30:01.282000,0,0.6,10,0.6,16,REGULAR,REGULAR,PACF,10241
TLRY,20250717 09:30:01.282000,0,0.6,10,0.6,16,REGULAR,REGULAR,PACF,10241
TLRY,20250717 09:30:01.283000,0,0.6,10,0.6,16,REGULAR,REGULAR,PACF,10241
TLRY,20250717 09:30:01.283000,0,0.6,10,0.6,16,REGULAR,REGULAR,PACF,10241
TLRY,20250717 09:30:01.283000,0,0.6,10,0.6,16,REGULAR,REGULAR,PACF,10241
TLRY,20250717 09:30:01.283000,0,0.6,10,0.6,16,REGULAR,REGULAR,PACF,10241
TLRY,20250717 09:30:01.284000,0,0.6,10,0.6,16,REGULAR,REGULAR,PACF,10241
TLRY,20250717 09:30:01.369000,0,0.6,10,0.6,16,REGULAR,REGULAR,PACF,10241
TLRY,20250717 09:30:01.369000,0,0.6,10,0.6,16,REGULAR,REGULAR,PACF,10241
TLRY,20250717 09:30:01.370000,0,0.6,10,0.6,16,REGULAR,REGULAR,PACF,10241
TLRY,20250717 09:30:01.371000,0,0.6,10,0.6,16,REGULAR,REGULAR,PACF,10241
TLRY,20250717 09:30:01.372000,0,0.6,10,0.6,16,REGULAR,REGULAR,PACF,10241
TLRY,20250717 09:30:01.372000,0,0.6,10,0.6,16,REGULAR,REGULAR,PACF,10241
TLRY,20250717 09:30:01.373000,0,0.6,10,0.6,16,REGULAR,REGULAR,PACF,10241
TLRY,20250717 09:30:01.373000,0,0.6,10,0.6,16,REGULAR,REGULAR,PACF,10241
TLRY,20250717 09:30:01.374000,0,0.6,10,0.6,16,REGULAR,REGULAR,PACF,10241
TLRY,20250717 09:30:01.374000,0,0.6,10,0.6,16,REGULAR,REGULAR,PACF,10241
TLRY,20250717 09:30:01.375000,0,0.6,10,0.6,16,REGULAR,REGULAR,PACF,10241
TLRY,20250717 09:30:01.375000,0,0.6,10,0.6,16,REGULAR,REGULAR,PACF,10241
TLRY,20250717 09:30:01.375000,0,0.6,10,0.6,16,REGULAR,REGULAR,PACF,10241
TLRY,20250717 09:30:01.376000,0,0.6,10,0.6,16,REGULAR,REGULAR,PACF,10241
TLRY,20250717 09:30:01.376000,0,0.6,10,0.6,16,REGULAR,REGULAR,PACF,10241
TLRY,20250717 09:30:01.376000,0,0.6,10,0.6,16,REGULAR,REGULAR,PACF,10241
TLRY,20250717 09:30:01.376000,0,0.6,10,0.6,16,REGULAR,REGULAR,PACF,10241
TLRY,20250717 09:30:01.377000,0,0.6,10,0.6,16,REGULAR,REGULAR,PACF,10241
TLRY,20250717 09:30:01.432000,0,0.6,10,0.6,16,REGULAR,REGULAR,PACF,10241
TLRY,20250717 09:30:01.511000,0,0.6,10,0.6,16,REGULAR,REGULAR,PACF,10241
TLRY,20250717 09:30:01.545000,0,0.6,10,0.6,16,REGULAR,REGULAR,PACF,10241
TLRY,20250717 09:30:01.568000,0,0.6,1,0.6,16,REGULAR,REGULAR,NQEX,10241
TLRY,20250717 09:30:01.568000,0,0.6,1,0.6,16,REGULAR,REGULAR,NQEX,10241
TLRY,20250717 09:30:01.568000,0,0.6,1,0.6,16,REGULAR,REGULAR,NQEX,10241
TLRY,20250717 09:30:01.568000,0,0.6,1,0.6,16,REGULAR,REGULAR,NQEX,10241
TLRY,20250717 09:30:01.568000,0,0.6,1,0.6,16,REGULAR,REGULAR,NQEX,10241
TLRY,20250717 09:30:01.584000,0,0.6,1,0.6,35,REGULAR,REGULAR,PACF,10241
TLRY,20250717 09:30:01.592000,0,0.6,3,0.6,35,REGULAR,REGULAR,NQEX,10241
TLRY,20250717 09:30:01.632000,0,0.6,3,0.6,35,REGULAR,REGULAR,NQEX,10241
TLRY,20250717 09:30:01.691000,0,0.6,3,0.6,16,REGULAR,REGULAR,NQEX,10241
TLRY,20250717 09:30:01.702000,0,0.6,3,0.6,16,REGULAR,REGULAR,NQEX,10241
TLRY,20250717 09:30:01.830000,0,0.6,3,0.6,16,REGULAR,REGULAR,NQEX,10241
TLRY,20250717 09:30:01.830000,0,0.6,3,0.6,16,REGULAR,REGULAR,NQEX,10241
TLRY,20250717 09:30:01.831000,0,0.6,3,0.6,16,REGULAR,REGULAR,NQEX,10241
TLRY,20250717 09:30:01.831000,0,0.6,3,0.6,16,REGULAR,REGULAR,NQEX,10241
TLRY,20250717 09:30:01.832000,0,0.6,3,0.6,16,REGULAR,REGULAR,NQEX,10241
TLRY,20250717 09:30:01.835000,0,0.6,3,0.6,16,REGULAR,REGULAR,NQEX,10241
TLRY,20250717 09:30:01.837000,0,0.6,3,0.6,16,REGULAR,REGULAR,NQEX,10241
TLRY,20250717 09:30:01.843000,0,0.6,3,0.6,16,REGULAR,REGULAR,NQEX,10241
TLRY,20250717 09:30:01.900000,0,0.6,3,0.6,16,REGULAR,REGULAR,NQEX,10241
TLRY,20250717 09:30:01.901000,0,0.6,3,0.6,16,REGULAR,REGULAR,NQEX,10241
TLRY,20250717 09:30:01.975000,0,0.6,3,0.6,16,REGULAR,REGULAR,NQEX,10241
TLRY,20250717 09:30:02.052000,0,0.6,3,0.6,16,REGULAR,REGULAR,NQEX,10241
TLRY,20250717 09:30:02.053000,0,0.6,3,0.6,16,REGULAR,REGULAR,NQEX,10241
TLRY,20250717 09:30:02.151000,0,0.6,3,0.6,16,REGULAR,REGULAR,NQEX,10241
TLRY,20250717 09:30:02.152000,0,0.6,3,0.6,16,REGULAR,REGULAR,NQEX,10241
TLRY,20250717 09:30:02.157000,0,0.6,3,0.6,16,REGULAR,REGULAR,NQEX,10241
TLRY,20250717 09:30:02.172000,0,0.6,3,0.6,16,REGULAR,REGULAR,NQEX,10241
TLRY,20250717 09:30:02.178000,0,0.6,3,0.6,16,REGULAR,REGULAR,NQEX,10241
TLRY,20250717 09:30:02.259000,0,0.6,3,0.6,16,REGULAR,REGULAR,NQEX,10241
TLRY,20250717 09:30:02.403000,0,0.6,3,0.6,16,REGULAR,REGULAR,NQEX,10241
TLRY,20250717 09:30:02.404000,0,0.6,3,0.6,16,REGULAR,REGULAR,NQEX,10241
TLRY,20250717 09:30:02.624000,0,0.6,3,0.6,16,REGULAR,REGULAR,NQEX,10241
TLRY,20250717 09:30:02.693000,0,0.6,3,0.6,16,REGULAR,REGULAR,NQEX,10241
TLRY,20250717 09:30:02.788000,0,0.6,3,0.6,16,REGULAR,REGULAR,NQEX,10241
TLRY,20250717 09:30:02.997000,0,0.6,3,0.6,16,REGULAR,REGULAR,NQEX,10241
TLRY,20250717 09:30:03.007000,0,0.6,3,0.6,16,REGULAR,REGULAR,NQEX,10241
TLRY,20250717 09:30:03.009000,0,0.6,3,0.6,16,REGULAR,REGULAR,NQEX,10241
TLRY,20250717 09:30:03.024000,0,0.6,3,0.6,16,REGULAR,REGULAR,NQEX,10241
TLRY,20250717 09:30:03.033000,0,0.6,3,0.6,16,REGULAR,REGULAR,NQEX,10241
TLRY,20250717 09:30:03.234000,0,0.6,3,0.6,16,REGULAR,REGULAR,NQEX,10241
TLRY,20250717 09:30:03.734000,0,0.6,3,0.6,16,REGULAR,REGULAR,NQEX,10241
TLRY,20250717 09:30:03.735000,0,0.6,3,0.6,16,REGULAR,REGULAR,NQEX,10241
TLRY,20250717 09:30:03.844000,0,0.6,3,0.6,16,REGULAR,REGULAR,NQEX,10241
TLRY,20250717 09:30:04.023000,0,0.6,3,0.6,18,REGULAR,REGULAR,NQEX,10241
TLRY,20250717 09:30:04.466000,0,0.6,3,0.6,18,REGULAR,REGULAR,NQEX,10241
TLRY,20250717 09:30:04.882000,0,0.6,3,0.6,18,REGULAR,REGULAR,NQEX,10241
TLRY,20250717 09:30:05.060000,0,0.6,3,0.6,18,REGULAR,REGULAR,NQEX,10241
TLRY,20250717 09:30:05.070000,0,0.6,3,0.6,18,REGULAR,REGULAR,NQEX,10241
TLRY,20250717 09:30:05.070000,0,0.6,3,0.6,18,REGULAR,REGULAR,NQEX,10241
TLRY,20250717 09:30:05.077000,0,0.6,3,0.6,18,REGULAR,REGULAR,NQEX,10241
TLRY,20250717 09:30:05.077000,0,0.6,3,0.6,18,REGULAR,REGULAR,NQEX,10241
TLRY,20250717 09:30:05.077000,0,0.6,3,0.6,18,REGULAR,REGULAR,NQEX,10241
TLRY,20250717 09:30:05.077000,0,0.6,3,0.6,18,REGULAR,REGULAR,NQEX,10241
TLRY,20250717 09:30:05.091000,0,0.6,3,0.6,18,REGULAR,REGULAR,NQEX,10241
TLRY,20250717 09:30:05.107000,0,0.6,3,0.6,18,REGULAR,REGULAR,NQEX,10241
TLRY,20250717 09:30:05.107000,0,0.6,3,0.6,18,REGULAR,REGULAR,NQEX,10241
TLRY,20250717 09:30:05.120000,0,0.6,3,0.6,18,REGULAR,REGULAR,NQEX,10241
TLRY,20250717 09:30:05.132000,0,0.6,3,0.6,18,REGULAR,REGULAR,NQEX,10241
TLRY,20250717 09:30:05.173000,0,0.6,3,0.6,18,REGULAR,REGULAR,NQEX,10241
TLRY,20250717 09:30:05.173000,0,0.6,3,0.6,18,REGULAR,REGULAR,NQEX,10241
TLRY,20250717 09:30:05.173000,0,0.6,3,0.6,18,REGULAR,REGULAR,NQEX,10241
TLRY,20250717 09:30:05.173000,0,0.6,3,0.6,18,REGULAR,REGULAR,NQEX,10241
TLRY,20250717 09:30:05.174000,0,0.6,3,0.6,18,REGULAR,REGULAR,NQEX,10241
TLRY,20250717 09:30:05.174000,0,0.6,3,0.6,18,REGULAR,REGULAR,NQEX,10241
TLRY,20250717 09:30:05.174000,0,0.6,3,0.6,18,REGULAR,REGULAR,NQEX,10241
TLRY,20250717 09:30:05.174000,0,0.6,3,0.6,18,REGULAR,REGULAR,NQEX,10241
TLRY,20250717 09:30:05.174000,0,0.6,3,0.6,18,REGULAR,REGULAR,NQEX,10241
TLRY,20250717 09:30:05.174000,0,0.6,3,0.6,18,REGULAR,REGULAR,NQEX,10241
TLRY,20250717 09:30:05.174000,0,0.6,3,0.6,18,REGULAR,REGULAR,NQEX,10241
TLRY,20250717 09:30:05.174000,0,0.6,3,0.6,18,REGULAR,REGULAR,NQEX,10241
TLRY,20250717 09:30:05.174000,0,0.6,3,0.6,18,REGULAR,REGULAR,NQEX,10241
TLRY,20250717 09:30:05.174000,0,0.6,3,0.6,18,REGULAR,REGULAR,NQEX,10241
TLRY,20250717 09:30:05.174000,0,0.6,3,0.6,18,REGULAR,REGULAR,NQEX,10241
TLRY,20250717 09:30:05.174000,0,0.6,3,0.6,18,REGULAR,REGULAR,NQEX,10241
TLRY,20250717 09:30:05.174000,0,0.6,3,0.6,18,REGULAR,REGULAR,NQEX,10241
TLRY,20250717 09:30:05.174000,0,0.6,3,0.6,18,REGULAR,REGULAR,NQEX,10241
TLRY,20250717 09:30:05.396000,0,0.6,3,0.6,18,REGULAR,REGULAR,NQEX,10241
TLRY,20250717 09:30:05.427000,0,0.6,3,0.6,18,REGULAR,REGULAR,NQEX,10241
TLRY,20250717 09:30:05.456000,0,0.6,3,0.6,18,REGULAR,REGULAR,NQEX,10241
TLRY,20250717 09:30:05.475000,0,0.6,3,0.6,18,REGULAR,REGULAR,NQEX,10241
TLRY,20250717 09:30:05.483000,0,0.6,3,0.6,18,REGULAR,REGULAR,NQEX,10241
TLRY,20250717 09:30:05.483000,0,0.6,3,0.6,18,REGULAR,REGULAR,NQEX,10241
TLRY,20250717 09:30:05.483000,0,0.6,3,0.6,18,REGULAR,REGULAR,NQEX,10241
TLRY,20250717 09:30:05.483000,0,0.6,3,0.6,18,REGULAR,REGULAR,NQEX,10241
TLRY,20250717 09:30:05.483000,0,0.6,3,0.6,18,REGULAR,REGULAR,NQEX,10241
TLRY,20250717 09:30:05.483000,0,0.6,3,0.6,18,REGULAR,REGULAR,NQEX,10241
TLRY,20250717 09:30:05.483000,0,0.6,3,0.6,18,REGULAR,REGULAR,NQEX,10241
TLRY,20250717 09:30:05.483000,0,0.6,3,0.6,18,REGULAR,REGULAR,NQEX,10241
TLRY,20250717 09:30:05.483000,0,0.6,3,0.6,18,REGULAR,REGULAR,NQEX,10241
TLRY,20250717 09:30:05.483000,0,0.6,3,0.6,18,REGULAR,REGULAR,NQEX,10241
TLRY,20250717 09:30:05.855000,0,0.6,3,0.6,18,REGULAR,REGULAR,NQEX,10241
TLRY,20250717 09:30:06.033000,0,0.6,3,0.6,18,REGULAR,REGULAR,NQEX,10241
TLRY,20250717 09:30:06.065000,0,0.6,3,0.6,18,REGULAR,REGULAR,NQEX,10241
TLRY,20250717 09:30:06.251000,0,0.6,3,0.6,18,REGULAR,REGULAR,NQEX,10241
TLRY,20250717 09:30:06.329000,0,0.6,3,0.6,18,REGULAR,REGULAR,NQEX,10241
TLRY,20250717 09:30:06.330000,0,0.6,3,0.6,18,REGULAR,REGULAR,NQEX,10241
TLRY,20250717 09:30:06.342000,0,0.6,3,0.6,18,REGULAR,REGULAR,NQEX,10241
TLRY,20250717 09:30:06.566000,0,0.6,3,0.6,17,REGULAR,REGULAR,NQEX,10241
TLRY,20250717 09:30:06.671000,0,0.6,3,0.6,17,REGULAR,REGULAR,NQEX,10241
TLRY,20250717 09:30:06.963000,0,0.6,3,0.6,17,REGULAR,REGULAR,NQEX,10241
TLRY,20250717 09:30:07.098000,0,0.6,3,0.6,17,REGULAR,REGULAR,NQEX,10241
TLRY,20250717 09:30:07.098000,0,0.6,3,0.6,17,REGULAR,REGULAR,NQEX,10241
TLRY,20250717 09:30:07.397000,0,0.6,3,0.6,17,REGULAR,REGULAR,NQEX,10241
TLRY,20250717 09:30:08.875000,0,0.6,3,0.6,1,REGULAR,REGULAR,NQEX,10241
TLRY,20250717 09:30:09.286000,0,0.6,3,0.6,1,REGULAR,REGULAR,NQEX,10241
TLRY,20250717 09:30:09.292000,0,0.6,3,0.6,1,REGULAR,REGULAR,NQEX,10241
TLRY,20250717 09:30:09.309000,0,0.6,3,0.6,1,REGULAR,REGULAR,NQEX,10241
TLRY,20250717 09:30:09.312000,0,0.6,3,0.6,1,REGULAR,REGULAR,NQEX,10241
TLRY,20250717 09:30:09.316000,0,0.6,3,0.6,1,REGULAR,REGULAR,NQEX,10241
TLRY,20250717 09:30:09.320000,0,0.6,3,0.6,1,REGULAR,REGULAR,NQEX,10241
TLRY,20250717 09:30:09.324000,0,0.6,3,0.6,1,REGULAR,REGULAR,NQEX,10241
TLRY,20250717 09:30:09.333000,0,0.6,3,0.6,1,REGULAR,REGULAR,NQEX,10241
TLRY,20250717 09:30:09.335000,0,0.6,3,0.6,1,REGULAR,REGULAR,NQEX,10241
TLRY,20250717 09:30:09.335000,0,0.6,3,0.6,1,REGULAR,REGULAR,NQEX,10241
TLRY,20250717 09:30:09.336000,0,0.6,3,0.6,1,REGULAR,REGULAR,NQEX,10241
TLRY,20250717 09:30:09.342000,0,0.6,3,0.6,1,REGULAR,REGULAR,NQEX,10241
TLRY,20250717 09:30:09.354000,0,0.6,3,0.6,1,REGULAR,REGULAR,NQEX,10241
TLRY,20250717 09:30:09.355000,0,0.6,3,0.6,1,REGULAR,REGULAR,NQEX,10241
TLRY,20250717 09:30:09.356000,0,0.6,3,0.6,1,REGULAR,REGULAR,NQEX,10241
TLRY,20250717 09:30:09.361000,0,0.6,3,0.6,1,REGULAR,REGULAR,NQEX,10241
TLRY,20250717 09:30:09.370000,0,0.6,3,0.6,1,REGULAR,REGULAR,NQEX,10241
TLRY,20250717 09:30:09.370000,0,0.6,3,0.6,1,REGULAR,REGULAR,NQEX,10241
TLRY,20250717 09:30:09.371000,0,0.6,3,0.6,1,REGULAR,REGULAR,NQEX,10241
TLRY,20250717 09:30:09.371000,0,0.6,3,0.6,1,REGULAR,REGULAR,NQEX,10241
TLRY,20250717 09:30:09.371000,0,0.6,3,0.6,1,REGULAR,REGULAR,NQEX,10241
TLRY,20250717 09:30:09.371000,0,0.6,3,0.6,1,REGULAR,REGULAR,NQEX,10241
TLRY,20250717 09:30:09.371000,0,0.6,3,0.6,1,REGULAR,REGULAR,NQEX,10241
TLRY,20250717 09:30:09.371000,0,0.6,3,0.6,1,REGULAR,REGULAR,NQEX,10241
TLRY,20250717 09:30:09.372000,0,0.6,3,0.6,1,REGULAR,REGULAR,NQEX,10241
TLRY,20250717 09:30:09.372000,0,0.6,3,0.6,1,REGULAR,REGULAR,NQEX,10241
TLRY,20250717 09:30:09.372000,0,0.6,3,0.6,1,REGULAR,REGULAR,NQEX,10241
TLRY,20250717 09:30:09.372000,0,0.6,3,0.6,1,REGULAR,REGULAR,NQEX,10241
TLRY,20250717 09:30:09.372000,0,0.6,3,0.6,1,REGULAR,REGULAR,NQEX,10241
TLRY,20250717 09:30:09.372000,0,0.6,3,0.6,1,REGULAR,REGULAR,NQEX,10241
TLRY,20250717 09:30:09.372000,0,0.6,3,0.6,1,REGULAR,REGULAR,NQEX,10241
TLRY,20250717 09:30:09.372000,0,0.6,3,0.6,1,REGULAR,REGULAR,NQEX,10241
TLRY,20250717 09:30:09.372000,0,0.6,3,0.6,1,REGULAR,REGULAR,NQEX,10241
TLRY,20250717 09:30:09.375000,0,0.6,3,0.6,1,REGULAR,REGULAR,NQEX,10241
TLRY,20250717 09:30:09.390000,0,0.6,3,0.6,1,REGULAR,REGULAR,NQEX,10241
TLRY,20250717 09:30:09.406000,0,0.6,3,0.6,1,REGULAR,REGULAR,NQEX,10241
TLRY,20250717 09:30:09.410000,0,0.6,3,0.6,1,REGULAR,REGULAR,NQEX,10241
TLRY,20250717 09:30:09.429000,0,0.6,3,0.6,1,REGULAR,REGULAR,NQEX,10241
TLRY,20250717 09:30:09.448000,0,0.6,3,0.6,1,REGULAR,REGULAR,NQEX,10241
TLRY,20250717 09:30:09.457000,0,0.6,3,0.6,1,REGULAR,REGULAR,NQEX,10241
TLRY,20250717 09:30:09.471000,0,0.6,3,0.6,1,REGULAR,REGULAR,NQEX,10241
TLRY,20250717 09:30:09.473000,0,0.6,3,0.6,1,REGULAR,REGULAR,NQEX,10241
TLRY,20250717 09:30:09.474000,0,0.6,3,0.6,1,REGULAR,REGULAR,NQEX,10241
TLRY,20250717 09:30:09.487000,0,0.6,3,0.6,1,REGULAR,REGULAR,NQEX,10241
TLRY,20250717 09:30:09.518000,0,0.6,3,0.6,1,REGULAR,REGULAR,NQEX,10241
TLRY,20250717 09:30:09.527000,0,0.6,3,0.6,1,REGULAR,REGULAR,NQEX,10241
TLRY,20250717 09:30:09.533000,0,0.6,3,0.6,1,REGULAR,REGULAR,NQEX,10241
TLRY,20250717 09:30:09.549000,0,0.6,3,0.6,1,REGULAR,REGULAR,NQEX,10241
TLRY,20250717 09:30:09.549000,0,0.6,3,0.6,1,REGULAR,REGULAR,NQEX,10241
TLRY,20250717 09:30:09.549000,0,0.6,3,0.6,1,REGULAR,REGULAR,NQEX,10241
TLRY,20250717 09:30:09.549000,0,0.6,3,0.6,1,REGULAR,REGULAR,NQEX,10241
TLRY,20250717 09:30:09.549000,0,0.6,3,0.6,1,REGULAR,REGULAR,NQEX,10241
TLRY,20250717 09:30:09.550000,0,0.6,3,0.6,1,REGULAR,REGULAR,NQEX,10241
TLRY,20250717 09:30:09.550000,0,0.6,3,0.6,1,REGULAR,REGULAR,NQEX,10241
TLRY,20250717 09:30:09.550000,0,0.6,3,0.6,1,REGULAR,REGULAR,NQEX,10241
TLRY,20250717 09:30:09.550000,0,0.6,3,0.6,1,REGULAR,REGULAR,NQEX,10241
TLRY,20250717 09:30:09.550000,0,0.6,3,0.6,1,REGULAR,REGULAR,NQEX,10241
TLRY,20250717 09:30:09.550000,0,0.6,3,0.6,1,REGULAR,REGULAR,NQEX,10241
TLRY,20250717 09:30:09.550000,0,0.6,3,0.6,1,REGULAR,REGULAR,NQEX,10241
TLRY,20250717 09:30:09.550000,0,0.6,3,0.6,1,REGULAR,REGULAR,NQEX,10241
TLRY,20250717 09:30:09.550000,0,0.6,3,0.6,1,REGULAR,REGULAR,NQEX,10241
TLRY,20250717 09:30:09.550000,0,0.6,3,0.6,1,REGULAR,REGULAR,NQEX,10241
TLRY,20250717 09:30:09.550000,0,0.6,3,0.6,1,REGULAR,REGULAR,NQEX,10241
TLRY,20250717 09:30:09.550000,0,0.6,3,0.6,1,REGULAR,REGULAR,NQEX,10241
TLRY,20250717 09:30:09.550000,0,0.6,3,0.6,1,REGULAR,REGULAR,NQEX,10241
TLRY,20250717 09:30:09.550000,0,0.6,3,0.6,1,REGULAR,REGULAR,NQEX,10241
TLRY,20250717 09:30:09.550000,0,0.6,3,0.6,1,REGULAR,REGULAR,NQEX,10241
TLRY,20250717 09:30:09.550000,0,0.6,3,0.6,1,REGULAR,REGULAR,NQEX,10241
TLRY,20250717 09:30:09.550000,0,0.6,3,0.6,1,REGULAR,REGULAR,NQEX,10241
TLRY,20250717 09:30:09.550000,0,0.6,3,0.6,1,REGULAR,REGULAR,NQEX,10241
TLRY,20250717 09:30:09.550000,0,0.6,3,0.6,1,REGULAR,REGULAR,NQEX,10241
TLRY,20250717 09:30:09.550000,0,0.6,3,0.6,1,REGULAR,REGULAR,NQEX,10241
TLRY,20250717 09:30:09.550000,0,0.6,3,0.6,1,REGULAR,REGULAR,NQEX,10241
TLRY,20250717 09:30:09.550000,0,0.6,3,0.6,1,REGULAR,REGULAR,NQEX,10241
TLRY,20250717 09:30:09.551000,0,0.6,3,0.6,1,REGULAR,REGULAR,NQEX,10241
TLRY,20250717 09:30:09.551000,0,0.6,3,0.6,1,REGULAR,REGULAR,NQEX,10241
TLRY,20250717 09:30:09.551000,0,0.6,3,0.6,1,REGULAR,REGULAR,NQEX,10241
TLRY,20250717 09:30:09.551000,0,0.6,3,0.6,1,REGULAR,REGULAR,NQEX,10241
TLRY,20250717 09:30:09.597000,0,0.6,3,0.6,1,REGULAR,REGULAR,NQEX,10241
TLRY,20250717 09:30:09.613000,0,0.6,3,0.6,1,REGULAR,REGULAR,NQEX,10241
TLRY,20250717 09:30:09.629000,0,0.6,3,0.6,1,REGULAR,REGULAR,NQEX,10241
TLRY,20250717 09:30:09.720000,0,0.6,3,0.6,1,REGULAR,REGULAR,NQEX,10241
TLRY,20250717 09:30:09.720000,0,0.6,3,0.6,1,REGULAR,REGULAR,NQEX,10241
TLRY,20250717 09:30:09.720000,0,0.6,3,0.6,1,REGULAR,REGULAR,NQEX,10241
TLRY,20250717 09:30:09.720000,0,0.6,3,0.6,1,REGULAR,REGULAR,NQEX,10241
TLRY,20250717 09:30:09.720000,0,0.6,3,0.6,1,REGULAR,REGULAR,NQEX,10241
TLRY,20250717 09:30:09.720000,0,0.6,3,0.6,1,REGULAR,REGULAR,NQEX,10241
TLRY,20250717 09:30:09.720000,0,0.6,3,0.6,1,REGULAR,REGULAR,NQEX,10241
TLRY,20250717 09:30:09.720000,0,0.6,3,0.6,1,REGULAR,REGULAR,NQEX,10241
TLRY,20250717 09:30:09.720000,0,0.6,3,0.6,1,REGULAR,REGULAR,NQEX,10241
TLRY,20250717 09:30:09.720000,0,0.6,3,0.6,1,REGULAR,REGULAR,NQEX,10241
TLRY,20250717 09:30:09.720000,0,0.6,3,0.6,1,REGULAR,REGULAR,NQEX,10241
TLRY,20250717 09:30:09.720000,0,0.6,3,0.6,1,REGULAR,REGULAR,NQEX,10241
TLRY,20250717 09:30:09.720000,0,0.6,3,0.6,1,REGULAR,REGULAR,NQEX,10241
TLRY,20250717 09:30:09.721000,0,0.6,3,0.6,1,REGULAR,REGULAR,NQEX,10241
TLRY,20250717 09:30:11.257000,0,0.6,3,0.6,1,REGULAR,REGULAR,NQEX,10241
TLRY,20250717 09:30:11.257000,0,0.6,3,0.6,1,REGULAR,REGULAR,NQEX,10241
TLRY,20250717 09:30:11.258000,0,0.6,3,0.6,1,REGULAR,REGULAR,NQEX,10241
TLRY,20250717 09:30:11.272000,0,0.6,3,0.6,1,REGULAR,REGULAR,NQEX,10241
TLRY,20250717 09:30:11.643000,0,0.6,3,0.6,1,REGULAR,REGULAR,NQEX,10241
TLRY,20250717 09:30:11.755000,0,0.6,3,0.6,1,REGULAR,REGULAR,NQEX,10241
TLRY,20250717 09:30:11.831000,0,0.6,3,0.6,1,REGULAR,REGULAR,NQEX,10241
TLRY,20250717 09:30:11.831000,0,0.6,3,0.6,1,REGULAR,REGULAR,NQEX,10241
TLRY,20250717 09:30:11.832000,0,0.6,3,0.6,1,REGULAR,REGULAR,NQEX,10241
TLRY,20250717 09:30:11.832000,0,0.6,3,0.6,1,REGULAR,REGULAR,NQEX,10241
TLRY,20250717 09:30:11.832000,0,0.6,3,0.6,1,REGULAR,REGULAR,NQEX,10241
TLRY,20250717 09:30:11.833000,0,0.6,3,0.6,1,REGULAR,REGULAR,NQEX,10241
TLRY,20250717 09:30:11.833000,0,0.6,3,0.6,1,REGULAR,REGULAR,NQEX,10241
TLRY,20250717 09:30:11.833000,0,0.6,3,0.6,1,REGULAR,REGULAR,NQEX,10241
TLRY,20250717 09:30:11.833000,0,0.6,3,0.6,1,REGULAR,REGULAR,NQEX,10241
TLRY,20250717 09:30:11.833000,0,0.6,3,0.6,1,REGULAR,REGULAR,NQEX,10241
TLRY,20250717 09:30:11.833000,0,0.6,3,0.6,1,REGULAR,REGULAR,NQEX,10241
TLRY,20250717 09:30:11.833000,0,0.6,3,0.6,1,REGULAR,REGULAR,NQEX,10241
TLRY,20250717 09:30:11.833000,0,0.6,3,0.6,1,REGULAR,REGULAR,NQEX,10241
TLRY,20250717 09:30:11.834000,0,0.6,3,0.6,1,REGULAR,REGULAR,NQEX,10241
TLRY,20250717 09:30:11.834000,0,0.6,3,0.6,1,REGULAR,REGULAR,NQEX,10241
TLRY,20250717 09:30:11.834000,0,0.6,3,0.6,1,REGULAR,REGULAR,NQEX,10241
TLRY,20250717 09:30:11.834000,0,0.6,3,0.6,1,REGULAR,REGULAR,NQEX,10241
TLRY,20250717 09:30:11.834000,0,0.6,3,0.6,1,REGULAR,REGULAR,NQEX,10241
TLRY,20250717 09:30:11.834000,0,0.6,3,0.6,1,REGULAR,REGULAR,NQEX,10241
TLRY,20250717 09:30:11.834000,0,0.6,3,0.6,1,REGULAR,REGULAR,NQEX,10241
TLRY,20250717 09:30:11.834000,0,0.6,3,0.6,1,REGULAR,REGULAR,NQEX,10241
TLRY,20250717 09:30:11.834000,0,0.6,3,0.6,1,REGULAR,REGULAR,NQEX,10241
TLRY,20250717 09:30:11.834000,0,0.6,3,0.6,1,REGULAR,REGULAR,NQEX,10241
TLRY,20250717 09:30:11.834000,0,0.6,3,0.6,1,REGULAR,REGULAR,NQEX,10241
TLRY,20250717 09:30:11.834000,0,0.6,3,0.6,1,REGULAR,REGULAR,NQEX,10241
TLRY,20250717 09:30:11.835000,0,0.6,3,0.6,1,REGULAR,REGULAR,NQEX,10241
TLRY,20250717 09:30:11.835000,0,0.6,3,0.6,1,REGULAR,REGULAR,NQEX,10241
TLRY,20250717 09:30:11.835000,0,0.6,3,0.6,1,REGULAR,REGULAR,NQEX,10241
TLRY,20250717 09:30:12.262000,0,0.6,3,0.6,1,REGULAR,REGULAR,NQEX,10241
TLRY,20250717 09:30:12.526000,0,0.6,3,0.6,1,REGULAR,REGULAR,NQEX,10241
TLRY,20250717 09:30:16.489000,0,0.6,4,0.6,1,REGULAR,REGULAR,NQEX,10241
TLRY,20250717 09:30:16.883000,0,0.6,4,0.6,1,REGULAR,REGULAR,NQEX,10241
TLRY,20250717 09:30:17.461000,0,0.6,4,0.6,1,REGULAR,REGULAR,NQEX,10241
TLRY,20250717 09:30:18.199000,0,0.6,4,0.6,1,REGULAR,REGULAR,NQEX,10241
TLRY,20250717 09:30:18.337000,0,0.6,4,0.6,1,REGULAR,REGULAR,NQEX,10241
TLRY,20250717 09:30:18.808000,0,0.6,4,0.6,1,REGULAR,REGULAR,NQEX,10241
TLRY,20250717 09:30:21.065000,0,0.6,4,0.6,1,REGULAR,REGULAR,NQEX,10241
TLRY,20250717 09:30:22.393000,0,0.6,4,0.6,1,REGULAR,REGULAR,NQEX,10241
TLRY,20250717 09:30:22.393000,0,0.6,4,0.6,1,REGULAR,REGULAR,NQEX,10241
TLRY,20250717 09:30:22.393000,0,0.6,4,0.6,1,REGULAR,REGULAR,NQEX,10241
TLRY,20250717 09:30:22.393000,0,0.6,4,0.6,1,REGULAR,REGULAR,NQEX,10241
TLRY,20250717 09:30:22.393000,0,0.6,4,0.6,1,REGULAR,REGULAR,NQEX,10241
TLRY,20250717 09:30:22.394000,0,0.6,4,0.6,1,REGULAR,REGULAR,NQEX,10241
TLRY,20250717 09:30:22.394000,0,0.6,4,0.6,1,REGULAR,REGULAR,NQEX,10241
TLRY,20250717 09:30:22.394000,0,0.6,4,0.6,1,REGULAR,REGULAR,NQEX,10241
TLRY,20250717 09:30:22.394000,0,0.6,4,0.6,1,REGULAR,REGULAR,NQEX,10241
TLRY,20250717 09:30:22.394000,0,0.6,4,0.6,1,REGULAR,REGULAR,NQEX,10241
TLRY,20250717 09:30:22.394000,0,0.6,4,0.6,1,REGULAR,REGULAR,NQEX,10241
TLRY,20250717 09:30:22.394000,0,0.6,4,0.6,1,REGULAR,REGULAR,NQEX,10241
TLRY,20250717 09:30:22.394000,0,0.6,4,0.6,1,REGULAR,REGULAR,NQEX,10241
TLRY,20250717 09:30:22.394000,0,0.6,4,0.6,1,REGULAR,REGULAR,NQEX,10241
TLRY,20250717 09:30:22.394000,0,0.6,4,0.6,1,REGULAR,REGULAR,NQEX,10241
TLRY,20250717 09:30:22.394000,0,0.6,4,0.6,1,REGULAR,REGULAR,NQEX,10241
TLRY,20250717 09:30:22.394000,0,0.6,4,0.6,1,REGULAR,REGULAR,NQEX,10241
TLRY,20250717 09:30:22.394000,0,0.6,4,0.6,1,REGULAR,REGULAR,NQEX,10241
