SymbolId,CurrentTime,Index,Bid,BidSize,Ask,AskSize,BidCondition,AskCondition,BidExchange,AskExchange
BTE,20250717 04:17:13.300000,0,1.79,4,1.84,2,REGULAR,REGULAR,NQEX,10247
BTE,20250717 04:59:15.018000,0,1.79,4,1.84,2,REGULAR,REGULAR,NQEX,10247
BTE,20250717 07:00:35.323000,0,1.82,2,1.84,1,REGULAR,REGULAR,EDGX,10305
BTE,20250717 07:00:35.324000,0,1.82,2,1.85,10,REGULAR,REGULAR,EDGX,10241
BTE,20250717 07:20:49.541000,0,1.82,2,1.86,25,REGULAR,REGULAR,EDGX,10247
BTE,20250717 07:20:49.546000,0,1.84,8,1.86,25,REGULAR,REGULAR,PACF,10247
BTE,20250717 07:47:22.375000,0,1.82,2,1.85,8,REGULAR,REGULAR,EDGX,10247
BTE,20250717 07:47:22.375000,0,1.82,2,1.85,8,REGULAR,REGULAR,EDGX,10247
BTE,20250717 07:49:03.295000,0,1.81,2,1.82,68,REGULAR,REGULAR,EDGX,10247
BTE,20250717 07:56:11.059000,0,1.81,13,1.82,67,REGULAR,REGULAR,PACF,10247
BTE,20250717 08:00:00.299000,0,1.81,13,1.82,67,REGULAR,REGULAR,PACF,10247
BTE,20250717 08:00:00.300000,0,1.81,13,1.82,67,REGULAR,REGULAR,PACF,10247
BTE,20250717 08:00:00.302000,0,1.81,13,1.82,67,REGULAR,REGULAR,PACF,10247
BTE,20250717 08:00:00.307000,0,1.81,13,1.82,67,REGULAR,REGULAR,PACF,10247
BTE,20250717 08:00:00.849000,0,1.81,13,1.82,67,REGULAR,REGULAR,PACF,10247
BTE,20250717 08:00:01.286000,0,1.81,13,1.82,67,REGULAR,REGULAR,PACF,10247
BTE,20250717 08:00:11.168000,0,1.81,13,1.82,67,REGULAR,REGULAR,PACF,10247
BTE,20250717 08:00:22.383000,0,1.81,13,1.82,67,REGULAR,REGULAR,PACF,10247
BTE,20250717 08:02:22.433000,0,1.81,13,1.82,67,REGULAR,REGULAR,PACF,10247
BTE,20250717 08:04:43.103000,0,1.82,10,1.86,26,REGULAR,REGULAR,PACF,10247
BTE,20250717 08:41:17.630000,0,1.84,4,1.87,30,REGULAR,REGULAR,BATS,10305
BTE,20250717 08:58:07.207000,0,1.83,25,1.84,5,REGULAR,REGULAR,EDGX,10247
BTE,20250717 09:00:59.014000,0,1.84,20,1.87,5,REGULAR,REGULAR,EDGX,10305
BTE,20250717 09:09:01.104000,0,1.83,20,1.87,5,REGULAR,REGULAR,EDGX,10305
BTE,20250717 09:30:00.877000,0,1.81,180,1.85,1,REGULAR,REGULAR,BATS,10308
BTE,20250717 09:30:00.877000,0,1.81,180,1.85,1,REGULAR,REGULAR,BATS,10308
BTE,20250717 09:30:00.908000,0,1.82,88,1.85,1,REGULAR,REGULAR,NYSE,10308
BTE,20250717 09:30:00.908000,0,1.82,88,1.85,1,REGULAR,REGULAR,NYSE,10308
BTE,20250717 09:30:01.362000,0,1.82,115,1.84,25,REGULAR,REGULAR,NYSE,10243
BTE,20250717 09:30:01.434000,0,1.82,115,1.84,25,REGULAR,REGULAR,NYSE,10243
BTE,20250717 09:30:01.475000,0,1.82,115,1.84,25,REGULAR,REGULAR,NYSE,10243
BTE,20250717 09:30:01.893000,0,1.82,115,1.84,25,REGULAR,REGULAR,NYSE,10243
BTE,20250717 09:30:02.130000,0,1.82,115,1.84,25,REGULAR,REGULAR,NYSE,10243
BTE,20250717 09:30:03.235000,0,1.82,115,1.84,254,REGULAR,REGULAR,NYSE,10243
BTE,20250717 09:30:04.010000,0,1.82,104,1.84,254,REGULAR,REGULAR,NYSE,10243
BTE,20250717 09:30:05.314000,0,1.82,104,1.84,254,REGULAR,REGULAR,NYSE,10243
BTE,20250717 09:30:46.222000,0,1.83,94,1.84,90,REGULAR,REGULAR,NYSE,10243
BTE,20250717 09:30:52.517000,0,1.83,94,1.84,133,REGULAR,REGULAR,NYSE,10243
BTE,20250717 09:30:59.518000,0,1.83,97,1.84,90,REGULAR,REGULAR,NYSE,10243
BTE,20250717 09:31:02.025000,0,1.82,303,1.83,124,REGULAR,REGULAR,NYSE,10305
BTE,20250717 09:31:02.025000,0,1.82,303,1.83,124,REGULAR,REGULAR,NYSE,10305
BTE,20250717 09:31:02.025000,0,1.82,303,1.83,124,REGULAR,REGULAR,NYSE,10305
BTE,20250717 09:31:02.025000,0,1.82,303,1.83,124,REGULAR,REGULAR,NYSE,10305
BTE,20250717 09:31:02.025000,0,1.82,303,1.83,124,REGULAR,REGULAR,NYSE,10305
BTE,20250717 09:31:02.025000,0,1.82,303,1.83,124,REGULAR,REGULAR,NYSE,10305
BTE,20250717 09:31:02.025000,0,1.82,303,1.83,124,REGULAR,REGULAR,NYSE,10305
BTE,20250717 09:31:02.025000,0,1.82,303,1.83,124,REGULAR,REGULAR,NYSE,10305
BTE,20250717 09:31:02.025000,0,1.82,303,1.83,124,REGULAR,REGULAR,NYSE,10305
BTE,20250717 09:31:02.025000,0,1.82,303,1.83,124,REGULAR,REGULAR,NYSE,10305
BTE,20250717 09:31:02.025000,0,1.82,303,1.83,124,REGULAR,REGULAR,NYSE,10305
BTE,20250717 09:31:02.025000,0,1.82,303,1.83,124,REGULAR,REGULAR,NYSE,10305
BTE,20250717 09:31:02.025000,0,1.82,303,1.83,124,REGULAR,REGULAR,NYSE,10305
BTE,20250717 09:31:02.025000,0,1.82,303,1.83,124,REGULAR,REGULAR,NYSE,10305
BTE,20250717 09:31:03.895000,0,1.82,383,1.83,77,REGULAR,REGULAR,NYSE,10300
BTE,20250717 09:31:03.896000,0,1.82,383,1.83,77,REGULAR,REGULAR,NYSE,10300
BTE,20250717 09:31:10.060000,0,1.82,383,1.83,88,REGULAR,REGULAR,NYSE,10300
BTE,20250717 09:31:11.449000,0,1.82,383,1.83,88,REGULAR,REGULAR,NYSE,10300
BTE,20250717 09:31:26.105000,0,1.82,161,1.83,126,REGULAR,REGULAR,NYSE,10243
BTE,20250717 09:31:35.993000,0,1.82,161,1.83,126,REGULAR,REGULAR,NYSE,10243
BTE,20250717 09:31:54.567000,0,1.82,161,1.83,126,REGULAR,REGULAR,NYSE,10243
BTE,20250717 09:32:07.089000,0,1.82,383,1.83,126,REGULAR,REGULAR,NYSE,10243
BTE,20250717 09:32:07.089000,0,1.82,383,1.83,126,REGULAR,REGULAR,NYSE,10243
BTE,20250717 09:32:07.089000,0,1.82,383,1.83,126,REGULAR,REGULAR,NYSE,10243
BTE,20250717 09:32:07.089000,0,1.82,383,1.83,126,REGULAR,REGULAR,NYSE,10243
BTE,20250717 09:32:07.089000,0,1.82,383,1.83,126,REGULAR,REGULAR,NYSE,10243
BTE,20250717 09:32:07.089000,0,1.82,383,1.83,126,REGULAR,REGULAR,NYSE,10243
BTE,20250717 09:32:07.089000,0,1.82,383,1.83,126,REGULAR,REGULAR,NYSE,10243
BTE,20250717 09:32:07.089000,0,1.82,383,1.83,126,REGULAR,REGULAR,NYSE,10243
BTE,20250717 09:32:07.089000,0,1.82,383,1.83,126,REGULAR,REGULAR,NYSE,10243
BTE,20250717 09:32:07.417000,0,1.82,550,1.83,106,REGULAR,REGULAR,NYSE,10243
BTE,20250717 09:32:13.423000,0,1.82,352,1.83,106,REGULAR,REGULAR,NYSE,10243
BTE,20250717 09:32:14.688000,0,1.82,352,1.83,106,REGULAR,REGULAR,NYSE,10243
BTE,20250717 09:32:20.603000,0,1.82,519,1.83,106,REGULAR,REGULAR,NYSE,10243
BTE,20250717 09:32:21.361000,0,1.82,519,1.83,106,REGULAR,REGULAR,NYSE,10243
BTE,20250717 09:32:21.965000,0,1.82,520,1.83,106,REGULAR,REGULAR,NYSE,10243
BTE,20250717 09:32:22.335000,0,1.82,520,1.83,106,REGULAR,REGULAR,NYSE,10243
BTE,20250717 09:32:23.225000,0,1.82,520,1.83,106,REGULAR,REGULAR,NYSE,10243
BTE,20250717 09:32:24.763000,0,1.82,574,1.83,106,REGULAR,REGULAR,NYSE,10243
BTE,20250717 09:32:25.648000,0,1.82,574,1.83,106,REGULAR,REGULAR,NYSE,10243
BTE,20250717 09:32:26.501000,0,1.82,574,1.83,106,REGULAR,REGULAR,NYSE,10243
BTE,20250717 09:32:28.920000,0,1.82,574,1.83,106,REGULAR,REGULAR,NYSE,10243
BTE,20250717 09:32:29.526000,0,1.82,574,1.83,106,REGULAR,REGULAR,NYSE,10243
BTE,20250717 09:32:34.862000,0,1.82,574,1.83,106,REGULAR,REGULAR,NYSE,10243
BTE,20250717 09:32:34.982000,0,1.82,574,1.83,106,REGULAR,REGULAR,NYSE,10243
BTE,20250717 09:32:35.003000,0,1.82,574,1.83,106,REGULAR,REGULAR,NYSE,10243
BTE,20250717 09:32:36.093000,0,1.82,574,1.83,106,REGULAR,REGULAR,NYSE,10243
BTE,20250717 09:32:36.543000,0,1.82,574,1.83,98,REGULAR,REGULAR,NYSE,10243
BTE,20250717 09:32:36.543000,0,1.82,574,1.83,98,REGULAR,REGULAR,NYSE,10243
BTE,20250717 09:32:36.543000,0,1.82,574,1.83,98,REGULAR,REGULAR,NYSE,10243
BTE,20250717 09:32:36.559000,0,1.83,262,1.84,245,REGULAR,REGULAR,NQEX,10241
BTE,20250717 09:32:36.559000,0,1.83,262,1.84,245,REGULAR,REGULAR,NQEX,10241
BTE,20250717 09:32:36.559000,0,1.83,262,1.84,245,REGULAR,REGULAR,NQEX,10241
BTE,20250717 09:32:37.983000,0,1.83,346,1.84,210,REGULAR,REGULAR,NYSE,10243
BTE,20250717 09:32:37.983000,0,1.83,346,1.84,210,REGULAR,REGULAR,NYSE,10243
BTE,20250717 09:32:37.983000,0,1.83,346,1.84,210,REGULAR,REGULAR,NYSE,10243
BTE,20250717 09:32:49.297000,0,1.83,293,1.84,330,REGULAR,REGULAR,NYSE,10243
BTE,20250717 09:32:51.487000,0,1.83,179,1.84,330,REGULAR,REGULAR,NYSE,10243
BTE,20250717 09:32:52.043000,0,1.83,179,1.84,330,REGULAR,REGULAR,NYSE,10243
BTE,20250717 09:32:52.153000,0,1.83,179,1.84,330,REGULAR,REGULAR,NYSE,10243
BTE,20250717 09:32:52.160000,0,1.83,179,1.84,330,REGULAR,REGULAR,NYSE,10243
BTE,20250717 09:32:52.464000,0,1.83,185,1.84,330,REGULAR,REGULAR,NYSE,10243
BTE,20250717 09:32:58.667000,0,1.83,155,1.84,428,REGULAR,REGULAR,NYSE,10243
BTE,20250717 09:32:59.337000,0,1.83,155,1.84,418,REGULAR,REGULAR,NYSE,10243
BTE,20250717 09:33:02.454000,0,1.83,240,1.84,273,REGULAR,REGULAR,NYSE,10243
BTE,20250717 09:33:11.190000,0,1.83,241,1.84,274,REGULAR,REGULAR,NYSE,10243
BTE,20250717 09:33:16.893000,0,1.83,211,1.84,274,REGULAR,REGULAR,NYSE,10243
BTE,20250717 09:33:20.203000,0,1.83,156,1.84,544,REGULAR,REGULAR,NYSE,10243
BTE,20250717 09:33:20.897000,0,1.83,156,1.84,337,REGULAR,REGULAR,NYSE,10243
BTE,20250717 09:33:37.138000,0,1.83,220,1.84,274,REGULAR,REGULAR,NYSE,10243
BTE,20250717 09:33:44.793000,0,1.83,260,1.84,274,REGULAR,REGULAR,NYSE,10243
BTE,20250717 09:33:51.371000,0,1.83,252,1.84,274,REGULAR,REGULAR,NYSE,10243
BTE,20250717 09:33:52.180000,0,1.83,252,1.84,275,REGULAR,REGULAR,NYSE,10243
BTE,20250717 09:34:11.977000,0,1.83,174,1.84,337,REGULAR,REGULAR,BATS,10243
BTE,20250717 09:34:13.166000,0,1.83,158,1.84,337,REGULAR,REGULAR,NYSE,10243
BTE,20250717 09:34:21.909000,0,1.83,158,1.84,332,REGULAR,REGULAR,NYSE,10243
BTE,20250717 09:34:23.389000,0,1.83,242,1.84,274,REGULAR,REGULAR,NYSE,10243
BTE,20250717 09:34:31.272000,0,1.83,415,1.84,274,REGULAR,REGULAR,NYSE,10243
BTE,20250717 09:34:31.274000,0,1.83,415,1.84,274,REGULAR,REGULAR,NYSE,10243
BTE,20250717 09:34:31.291000,0,1.83,415,1.84,274,REGULAR,REGULAR,NYSE,10243
BTE,20250717 09:34:42.050000,0,1.83,356,1.84,274,REGULAR,REGULAR,NYSE,10243
BTE,20250717 09:34:49.124000,0,1.83,356,1.84,274,REGULAR,REGULAR,NYSE,10243
BTE,20250717 09:34:59.158000,0,1.83,250,1.84,150,REGULAR,REGULAR,NYSE,10243
BTE,20250717 09:35:19.596000,0,1.84,287,1.84,106,REGULAR,REGULAR,MEMX,10308
BTE,20250717 09:35:19.596000,0,1.84,287,1.84,106,REGULAR,REGULAR,MEMX,10308
BTE,20250717 09:35:19.596000,0,1.84,287,1.84,106,REGULAR,REGULAR,MEMX,10308
BTE,20250717 09:35:19.596000,0,1.84,287,1.84,106,REGULAR,REGULAR,MEMX,10308
BTE,20250717 09:35:19.596000,0,1.84,287,1.84,106,REGULAR,REGULAR,MEMX,10308
BTE,20250717 09:35:19.596000,0,1.84,287,1.84,106,REGULAR,REGULAR,MEMX,10308
BTE,20250717 09:35:19.596000,0,1.84,287,1.84,106,REGULAR,REGULAR,MEMX,10308
BTE,20250717 09:35:19.596000,0,1.84,287,1.84,106,REGULAR,REGULAR,MEMX,10308
BTE,20250717 09:35:19.596000,0,1.84,287,1.84,106,REGULAR,REGULAR,MEMX,10308
BTE,20250717 09:35:19.596000,0,1.84,287,1.84,106,REGULAR,REGULAR,MEMX,10308
BTE,20250717 09:35:19.596000,0,1.84,287,1.84,106,REGULAR,REGULAR,MEMX,10308
BTE,20250717 09:35:19.596000,0,1.84,287,1.84,106,REGULAR,REGULAR,MEMX,10308
BTE,20250717 09:35:19.596000,0,1.84,287,1.84,106,REGULAR,REGULAR,MEMX,10308
BTE,20250717 09:35:19.596000,0,1.84,287,1.84,106,REGULAR,REGULAR,MEMX,10308
BTE,20250717 09:35:19.596000,0,1.84,287,1.84,106,REGULAR,REGULAR,MEMX,10308
BTE,20250717 09:35:19.596000,0,1.84,287,1.84,106,REGULAR,REGULAR,MEMX,10308
BTE,20250717 09:35:19.596000,0,1.84,287,1.84,106,REGULAR,REGULAR,MEMX,10308
BTE,20250717 09:35:19.596000,0,1.84,287,1.84,106,REGULAR,REGULAR,MEMX,10308
BTE,20250717 09:35:19.596000,0,1.84,287,1.84,106,REGULAR,REGULAR,MEMX,10308
BTE,20250717 09:35:19.596000,0,1.84,287,1.84,106,REGULAR,REGULAR,MEMX,10308
BTE,20250717 09:35:19.596000,0,1.84,287,1.84,106,REGULAR,REGULAR,MEMX,10308
BTE,20250717 09:35:19.596000,0,1.84,287,1.84,106,REGULAR,REGULAR,MEMX,10308
BTE,20250717 09:35:19.596000,0,1.84,287,1.84,106,REGULAR,REGULAR,MEMX,10308
BTE,20250717 09:35:19.596000,0,1.84,287,1.84,106,REGULAR,REGULAR,MEMX,10308
BTE,20250717 09:35:19.596000,0,1.84,287,1.84,106,REGULAR,REGULAR,MEMX,10308
BTE,20250717 09:35:19.596000,0,1.84,287,1.84,106,REGULAR,REGULAR,MEMX,10308
BTE,20250717 09:35:19.596000,0,1.84,287,1.84,106,REGULAR,REGULAR,MEMX,10308
BTE,20250717 09:35:19.596000,0,1.84,287,1.84,106,REGULAR,REGULAR,MEMX,10308
BTE,20250717 09:35:19.596000,0,1.84,287,1.84,106,REGULAR,REGULAR,MEMX,10308
BTE,20250717 09:35:19.596000,0,1.84,287,1.84,106,REGULAR,REGULAR,MEMX,10308
BTE,20250717 09:35:19.596000,0,1.84,287,1.84,106,REGULAR,REGULAR,MEMX,10308
BTE,20250717 09:35:19.596000,0,1.84,287,1.84,106,REGULAR,REGULAR,MEMX,10308
BTE,20250717 09:35:19.596000,0,1.84,287,1.84,106,REGULAR,REGULAR,MEMX,10308
BTE,20250717 09:35:19.596000,0,1.84,287,1.84,106,REGULAR,REGULAR,MEMX,10308
BTE,20250717 09:35:19.596000,0,1.84,287,1.84,106,REGULAR,REGULAR,MEMX,10308
BTE,20250717 09:35:19.596000,0,1.84,287,1.84,106,REGULAR,REGULAR,MEMX,10308
BTE,20250717 09:35:19.596000,0,1.84,287,1.84,106,REGULAR,REGULAR,MEMX,10308
BTE,20250717 09:35:19.596000,0,1.84,287,1.84,106,REGULAR,REGULAR,MEMX,10308
BTE,20250717 09:35:19.596000,0,1.84,287,1.84,106,REGULAR,REGULAR,MEMX,10308
BTE,20250717 09:35:19.596000,0,1.84,287,1.84,106,REGULAR,REGULAR,MEMX,10308
BTE,20250717 09:35:19.596000,0,1.84,287,1.84,106,REGULAR,REGULAR,MEMX,10308
BTE,20250717 09:35:19.596000,0,1.84,287,1.84,106,REGULAR,REGULAR,MEMX,10308
BTE,20250717 09:35:19.596000,0,1.84,287,1.84,106,REGULAR,REGULAR,MEMX,10308
BTE,20250717 09:35:19.596000,0,1.84,287,1.84,106,REGULAR,REGULAR,MEMX,10308
BTE,20250717 09:35:19.596000,0,1.84,287,1.84,106,REGULAR,REGULAR,MEMX,10308
BTE,20250717 09:35:19.596000,0,1.84,287,1.84,106,REGULAR,REGULAR,MEMX,10308
BTE,20250717 09:35:19.596000,0,1.84,287,1.84,106,REGULAR,REGULAR,MEMX,10308
BTE,20250717 09:35:19.596000,0,1.84,287,1.84,106,REGULAR,REGULAR,MEMX,10308
BTE,20250717 09:35:19.596000,0,1.84,287,1.84,106,REGULAR,REGULAR,MEMX,10308
BTE,20250717 09:35:19.596000,0,1.84,287,1.84,106,REGULAR,REGULAR,MEMX,10308
BTE,20250717 09:35:19.596000,0,1.84,287,1.84,106,REGULAR,REGULAR,MEMX,10308
BTE,20250717 09:35:29.858000,0,1.84,492,1.85,304,REGULAR,REGULAR,NYSE,10243
BTE,20250717 09:35:29.858000,0,1.84,492,1.85,304,REGULAR,REGULAR,NYSE,10243
BTE,20250717 09:35:40.900000,0,1.84,641,1.85,371,REGULAR,REGULAR,NYSE,10243
BTE,20250717 09:35:52.273000,0,1.84,451,1.85,371,REGULAR,REGULAR,NYSE,10243
BTE,20250717 09:35:52.273000,0,1.84,451,1.85,371,REGULAR,REGULAR,NYSE,10243
BTE,20250717 09:35:52.290000,0,1.84,451,1.85,371,REGULAR,REGULAR,NYSE,10243
BTE,20250717 09:36:03.160000,0,1.84,540,1.85,371,REGULAR,REGULAR,NYSE,10243
BTE,20250717 09:36:10.304000,0,1.84,596,1.85,423,REGULAR,REGULAR,NYSE,10243
BTE,20250717 09:36:13.628000,0,1.84,602,1.85,423,REGULAR,REGULAR,NYSE,10243
BTE,20250717 09:36:13.629000,0,1.84,600,1.85,373,REGULAR,REGULAR,NYSE,10243
BTE,20250717 09:36:13.629000,0,1.84,600,1.85,373,REGULAR,REGULAR,NYSE,10243
BTE,20250717 09:36:14.091000,0,1.84,600,1.85,373,REGULAR,REGULAR,NYSE,10243
BTE,20250717 09:36:14.509000,0,1.84,600,1.85,373,REGULAR,REGULAR,NYSE,10243
BTE,20250717 09:36:15.332000,0,1.84,600,1.85,373,REGULAR,REGULAR,NYSE,10243
BTE,20250717 09:36:16.312000,0,1.84,575,1.85,373,REGULAR,REGULAR,NYSE,10243
BTE,20250717 09:36:17.686000,0,1.84,472,1.85,373,REGULAR,REGULAR,NYSE,10243
BTE,20250717 09:36:19.718000,0,1.84,472,1.85,373,REGULAR,REGULAR,NYSE,10243
BTE,20250717 09:36:20.518000,0,1.84,473,1.85,373,REGULAR,REGULAR,NYSE,10243
BTE,20250717 09:36:22.077000,0,1.84,473,1.85,373,REGULAR,REGULAR,NYSE,10243
BTE,20250717 09:36:25.175000,0,1.84,473,1.85,373,REGULAR,REGULAR,NYSE,10243
BTE,20250717 09:36:25.951000,0,1.84,473,1.85,373,REGULAR,REGULAR,NYSE,10243
BTE,20250717 09:36:27.364000,0,1.84,532,1.85,373,REGULAR,REGULAR,NYSE,10243
BTE,20250717 09:36:32.339000,0,1.84,532,1.85,373,REGULAR,REGULAR,NYSE,10243
BTE,20250717 09:36:32.925000,0,1.84,533,1.85,373,REGULAR,REGULAR,NYSE,10243
BTE,20250717 09:36:33.727000,0,1.84,531,1.85,373,REGULAR,REGULAR,NYSE,10243
BTE,20250717 09:36:34.767000,0,1.84,531,1.85,373,REGULAR,REGULAR,NYSE,10243
BTE,20250717 09:36:39.276000,0,1.84,588,1.85,372,REGULAR,REGULAR,NYSE,10243
BTE,20250717 09:36:39.277000,0,1.84,588,1.85,372,REGULAR,REGULAR,NYSE,10243
BTE,20250717 09:36:39.277000,0,1.84,588,1.85,372,REGULAR,REGULAR,NYSE,10243
BTE,20250717 09:36:39.277000,0,1.84,588,1.85,372,REGULAR,REGULAR,NYSE,10243
BTE,20250717 09:36:40.203000,0,1.84,667,1.85,372,REGULAR,REGULAR,NYSE,10243
BTE,20250717 09:36:41.510000,0,1.84,610,1.85,372,REGULAR,REGULAR,NYSE,10243
BTE,20250717 09:36:41.615000,0,1.84,610,1.85,372,REGULAR,REGULAR,NYSE,10243
BTE,20250717 09:36:41.615000,0,1.84,610,1.85,372,REGULAR,REGULAR,NYSE,10243
BTE,20250717 09:36:44.773000,0,1.84,611,1.85,372,REGULAR,REGULAR,NYSE,10243
BTE,20250717 09:36:45.225000,0,1.84,611,1.85,372,REGULAR,REGULAR,NYSE,10243
BTE,20250717 09:36:45.967000,0,1.84,611,1.85,372,REGULAR,REGULAR,NYSE,10243
BTE,20250717 09:36:45.967000,0,1.84,611,1.85,372,REGULAR,REGULAR,NYSE,10243
BTE,20250717 09:36:47.207000,0,1.84,611,1.85,372,REGULAR,REGULAR,NYSE,10243
BTE,20250717 09:36:48.732000,0,1.84,555,1.85,372,REGULAR,REGULAR,NYSE,10243
BTE,20250717 09:36:50.091000,0,1.84,555,1.85,372,REGULAR,REGULAR,NYSE,10243
BTE,20250717 09:36:56.773000,0,1.84,555,1.85,372,REGULAR,REGULAR,NYSE,10243
BTE,20250717 09:36:56.880000,0,1.84,555,1.85,372,REGULAR,REGULAR,NYSE,10243
BTE,20250717 09:36:57.206000,0,1.84,555,1.85,372,REGULAR,REGULAR,NYSE,10243
BTE,20250717 09:36:57.630000,0,1.84,555,1.85,372,REGULAR,REGULAR,NYSE,10243
BTE,20250717 09:36:58.146000,0,1.84,555,1.85,372,REGULAR,REGULAR,NYSE,10243
BTE,20250717 09:37:01.472000,0,1.84,534,1.85,372,REGULAR,REGULAR,NYSE,10243
BTE,20250717 09:37:02.799000,0,1.84,593,1.85,371,REGULAR,REGULAR,NYSE,10243
BTE,20250717 09:37:05.425000,0,1.84,535,1.85,371,REGULAR,REGULAR,NYSE,10243
BTE,20250717 09:37:05.884000,0,1.84,535,1.85,371,REGULAR,REGULAR,NYSE,10243
BTE,20250717 09:37:06.223000,0,1.84,535,1.85,371,REGULAR,REGULAR,NYSE,10243
BTE,20250717 09:37:08.996000,0,1.84,535,1.85,371,REGULAR,REGULAR,NYSE,10243
BTE,20250717 09:37:11.213000,0,1.84,535,1.85,371,REGULAR,REGULAR,NYSE,10243
BTE,20250717 09:37:13.583000,0,1.84,535,1.85,371,REGULAR,REGULAR,NYSE,10243
BTE,20250717 09:37:13.584000,0,1.84,535,1.85,371,REGULAR,REGULAR,NYSE,10243
BTE,20250717 09:37:15.111000,0,1.84,535,1.85,371,REGULAR,REGULAR,NYSE,10243
BTE,20250717 09:37:16.730000,0,1.84,619,1.85,371,REGULAR,REGULAR,NYSE,10243
BTE,20250717 09:37:21.259000,0,1.84,539,1.85,371,REGULAR,REGULAR,NYSE,10243
BTE,20250717 09:37:30.827000,0,1.84,573,1.85,371,REGULAR,REGULAR,NYSE,10243
BTE,20250717 09:37:33.143000,0,1.84,573,1.85,371,REGULAR,REGULAR,NYSE,10243
BTE,20250717 09:37:35.200000,0,1.84,636,1.85,370,REGULAR,REGULAR,NYSE,10243
BTE,20250717 09:37:43.864000,0,1.84,573,1.85,370,REGULAR,REGULAR,NYSE,10243
BTE,20250717 09:37:51.193000,0,1.84,573,1.85,207,REGULAR,REGULAR,NYSE,10243
BTE,20250717 09:37:51.495000,0,1.84,573,1.85,207,REGULAR,REGULAR,NYSE,10243
BTE,20250717 09:37:51.495000,0,1.84,573,1.85,207,REGULAR,REGULAR,NYSE,10243
BTE,20250717 09:38:07.822000,0,1.84,608,1.85,207,REGULAR,REGULAR,NYSE,10243
BTE,20250717 09:38:15.526000,0,1.84,568,1.85,207,REGULAR,REGULAR,NYSE,10243
BTE,20250717 09:38:20.465000,0,1.84,821,1.85,174,REGULAR,REGULAR,NYSE,10243
BTE,20250717 09:38:23.410000,0,1.84,811,1.85,269,REGULAR,REGULAR,NYSE,10243
BTE,20250717 09:38:23.411000,0,1.85,260,1.85,90,REGULAR,REGULAR,NYSE,10308
BTE,20250717 09:38:23.411000,0,1.85,260,1.85,90,REGULAR,REGULAR,NYSE,10308
BTE,20250717 09:38:23.411000,0,1.85,260,1.85,90,REGULAR,REGULAR,NYSE,10308
BTE,20250717 09:38:23.411000,0,1.85,260,1.85,90,REGULAR,REGULAR,NYSE,10308
BTE,20250717 09:38:23.411000,0,1.85,260,1.85,90,REGULAR,REGULAR,NYSE,10308
BTE,20250717 09:38:23.411000,0,1.85,260,1.85,90,REGULAR,REGULAR,NYSE,10308
BTE,20250717 09:38:23.411000,0,1.85,260,1.85,90,REGULAR,REGULAR,NYSE,10308
BTE,20250717 09:38:23.411000,0,1.85,260,1.85,90,REGULAR,REGULAR,NYSE,10308
BTE,20250717 09:38:23.411000,0,1.85,260,1.85,90,REGULAR,REGULAR,NYSE,10308
BTE,20250717 09:38:23.411000,0,1.85,260,1.85,90,REGULAR,REGULAR,NYSE,10308
BTE,20250717 09:38:23.411000,0,1.85,260,1.85,90,REGULAR,REGULAR,NYSE,10308
BTE,20250717 09:38:23.411000,0,1.85,260,1.85,90,REGULAR,REGULAR,NYSE,10308
BTE,20250717 09:38:23.411000,0,1.85,260,1.85,90,REGULAR,REGULAR,NYSE,10308
BTE,20250717 09:38:23.411000,0,1.85,260,1.85,90,REGULAR,REGULAR,NYSE,10308
BTE,20250717 09:38:23.411000,0,1.85,260,1.85,90,REGULAR,REGULAR,NYSE,10308
BTE,20250717 09:38:23.411000,0,1.85,260,1.85,90,REGULAR,REGULAR,NYSE,10308
BTE,20250717 09:38:23.411000,0,1.85,260,1.85,90,REGULAR,REGULAR,NYSE,10308
BTE,20250717 09:38:23.411000,0,1.85,260,1.85,90,REGULAR,REGULAR,NYSE,10308
BTE,20250717 09:38:23.411000,0,1.85,260,1.85,90,REGULAR,REGULAR,NYSE,10308
BTE,20250717 09:38:23.411000,0,1.85,260,1.85,90,REGULAR,REGULAR,NYSE,10308
BTE,20250717 09:38:23.411000,0,1.85,260,1.85,90,REGULAR,REGULAR,NYSE,10308
BTE,20250717 09:38:23.411000,0,1.85,260,1.85,90,REGULAR,REGULAR,NYSE,10308
BTE,20250717 09:38:23.411000,0,1.85,260,1.85,90,REGULAR,REGULAR,NYSE,10308
BTE,20250717 09:38:23.411000,0,1.85,260,1.85,90,REGULAR,REGULAR,NYSE,10308
BTE,20250717 09:38:23.411000,0,1.85,260,1.85,90,REGULAR,REGULAR,NYSE,10308
BTE,20250717 09:38:23.411000,0,1.85,260,1.85,90,REGULAR,REGULAR,NYSE,10308
BTE,20250717 09:38:23.411000,0,1.85,260,1.85,90,REGULAR,REGULAR,NYSE,10308
BTE,20250717 09:38:23.412000,0,1.85,419,1.86,332,REGULAR,REGULAR,BATS,10241
BTE,20250717 09:38:23.412000,0,1.85,419,1.86,332,REGULAR,REGULAR,BATS,10241
BTE,20250717 09:38:23.412000,0,1.85,419,1.86,332,REGULAR,REGULAR,BATS,10241
BTE,20250717 09:38:23.412000,0,1.85,419,1.86,332,REGULAR,REGULAR,BATS,10241
BTE,20250717 09:38:23.413000,0,1.85,419,1.86,332,REGULAR,REGULAR,BATS,10241
BTE,20250717 09:38:23.414000,0,1.85,419,1.86,332,REGULAR,REGULAR,BATS,10241
BTE,20250717 09:38:23.415000,0,1.85,419,1.86,317,REGULAR,REGULAR,BATS,10241
BTE,20250717 09:38:23.415000,0,1.85,419,1.86,317,REGULAR,REGULAR,BATS,10241
BTE,20250717 09:38:23.415000,0,1.85,419,1.86,317,REGULAR,REGULAR,BATS,10241
BTE,20250717 09:38:23.492000,0,1.85,513,1.86,280,REGULAR,REGULAR,NYSE,10243
BTE,20250717 09:38:25.019000,0,1.85,464,1.86,509,REGULAR,REGULAR,NYSE,10243
BTE,20250717 09:38:25.328000,0,1.85,468,1.86,509,REGULAR,REGULAR,NYSE,10243
BTE,20250717 09:38:27.703000,0,1.85,468,1.86,512,REGULAR,REGULAR,NYSE,10243
BTE,20250717 09:38:28.721000,0,1.85,468,1.86,516,REGULAR,REGULAR,NYSE,10243
BTE,20250717 09:38:31.997000,0,1.85,468,1.86,442,REGULAR,REGULAR,NYSE,10243
BTE,20250717 09:38:34.002000,0,1.85,467,1.86,590,REGULAR,REGULAR,NYSE,10243
BTE,20250717 09:38:35.679000,0,1.85,409,1.86,590,REGULAR,REGULAR,NYSE,10243
BTE,20250717 09:38:36.273000,0,1.85,409,1.86,590,REGULAR,REGULAR,NYSE,10243
BTE,20250717 09:38:36.293000,0,1.85,409,1.86,590,REGULAR,REGULAR,NYSE,10243
BTE,20250717 09:38:36.293000,0,1.85,409,1.86,590,REGULAR,REGULAR,NYSE,10243
BTE,20250717 09:38:36.293000,0,1.85,409,1.86,590,REGULAR,REGULAR,NYSE,10243
BTE,20250717 09:38:36.293000,0,1.85,409,1.86,590,REGULAR,REGULAR,NYSE,10243
BTE,20250717 09:38:36.293000,0,1.85,409,1.86,590,REGULAR,REGULAR,NYSE,10243
BTE,20250717 09:38:36.294000,0,1.85,409,1.86,590,REGULAR,REGULAR,NYSE,10243
BTE,20250717 09:38:36.294000,0,1.85,409,1.86,590,REGULAR,REGULAR,NYSE,10243
BTE,20250717 09:38:36.294000,0,1.85,409,1.86,590,REGULAR,REGULAR,NYSE,10243
BTE,20250717 09:38:36.294000,0,1.85,409,1.86,590,REGULAR,REGULAR,NYSE,10243
BTE,20250717 09:38:36.294000,0,1.85,409,1.86,590,REGULAR,REGULAR,NYSE,10243
BTE,20250717 09:38:36.294000,0,1.85,409,1.86,590,REGULAR,REGULAR,NYSE,10243
BTE,20250717 09:38:36.294000,0,1.85,409,1.86,590,REGULAR,REGULAR,NYSE,10243
BTE,20250717 09:38:36.338000,0,1.85,409,1.86,590,REGULAR,REGULAR,NYSE,10243
BTE,20250717 09:38:38.151000,0,1.85,410,1.86,448,REGULAR,REGULAR,NYSE,10243
BTE,20250717 09:38:38.172000,0,1.85,410,1.86,448,REGULAR,REGULAR,NYSE,10243
BTE,20250717 09:38:38.696000,0,1.85,410,1.86,448,REGULAR,REGULAR,NYSE,10243
BTE,20250717 09:38:45.439000,0,1.85,471,1.86,307,REGULAR,REGULAR,NYSE,10243
BTE,20250717 09:38:45.439000,0,1.85,471,1.86,307,REGULAR,REGULAR,NYSE,10243
BTE,20250717 09:38:52.099000,0,1.85,464,1.86,509,REGULAR,REGULAR,NYSE,10243
BTE,20250717 09:38:54.648000,0,1.85,410,1.86,501,REGULAR,REGULAR,NYSE,10243
BTE,20250717 09:38:54.884000,0,1.85,410,1.86,501,REGULAR,REGULAR,NYSE,10243
BTE,20250717 09:38:55.384000,0,1.85,406,1.86,501,REGULAR,REGULAR,NYSE,10243
BTE,20250717 09:38:55.384000,0,1.85,406,1.86,501,REGULAR,REGULAR,NYSE,10243
BTE,20250717 09:38:55.384000,0,1.85,406,1.86,501,REGULAR,REGULAR,NYSE,10243
BTE,20250717 09:38:55.384000,0,1.85,406,1.86,501,REGULAR,REGULAR,NYSE,10243
BTE,20250717 09:38:55.384000,0,1.85,406,1.86,501,REGULAR,REGULAR,NYSE,10243
BTE,20250717 09:38:55.385000,0,1.85,406,1.86,501,REGULAR,REGULAR,NYSE,10243
BTE,20250717 09:38:55.802000,0,1.85,409,1.86,460,REGULAR,REGULAR,NYSE,10243
BTE,20250717 09:38:55.802000,0,1.85,409,1.86,460,REGULAR,REGULAR,NYSE,10243
BTE,20250717 09:38:57.155000,0,1.85,410,1.86,439,REGULAR,REGULAR,NYSE,10243
BTE,20250717 09:38:57.518000,0,1.85,410,1.86,439,REGULAR,REGULAR,NYSE,10243
BTE,20250717 09:38:58.603000,0,1.85,410,1.86,439,REGULAR,REGULAR,NYSE,10243
BTE,20250717 09:39:06.083000,0,1.85,468,1.86,486,REGULAR,REGULAR,NYSE,10243
BTE,20250717 09:39:10.325000,0,1.85,558,1.86,600,REGULAR,REGULAR,NYSE,10243
BTE,20250717 09:39:12.823000,0,1.85,464,1.86,600,REGULAR,REGULAR,NYSE,10243
BTE,20250717 09:39:23.521000,0,1.85,409,1.86,614,REGULAR,REGULAR,NYSE,10243
BTE,20250717 09:39:25.927000,0,1.85,409,1.86,645,REGULAR,REGULAR,NYSE,10243
BTE,20250717 09:39:28.899000,0,1.85,409,1.86,646,REGULAR,REGULAR,NYSE,10243
BTE,20250717 09:39:31.987000,0,1.85,409,1.86,619,REGULAR,REGULAR,NYSE,10243
BTE,20250717 09:39:35.104000,0,1.85,409,1.86,619,REGULAR,REGULAR,NYSE,10243
BTE,20250717 09:39:36.587000,0,1.85,409,1.86,619,REGULAR,REGULAR,NYSE,10243
BTE,20250717 09:39:36.587000,0,1.85,409,1.86,619,REGULAR,REGULAR,NYSE,10243
BTE,20250717 09:39:36.587000,0,1.85,409,1.86,619,REGULAR,REGULAR,NYSE,10243
BTE,20250717 09:39:38.923000,0,1.85,409,1.86,542,REGULAR,REGULAR,NYSE,10243
BTE,20250717 09:39:40.617000,0,1.85,409,1.86,604,REGULAR,REGULAR,NYSE,10243
BTE,20250717 09:39:41.208000,0,1.85,409,1.86,529,REGULAR,REGULAR,NYSE,10243
BTE,20250717 09:39:44.801000,0,1.85,645,1.86,457,REGULAR,REGULAR,NYSE,10243
BTE,20250717 09:39:44.918000,0,1.85,583,1.86,457,REGULAR,REGULAR,NYSE,10243
BTE,20250717 09:39:49.514000,0,1.85,583,1.86,457,REGULAR,REGULAR,NYSE,10243
BTE,20250717 09:40:08.147000,0,1.85,488,1.86,457,REGULAR,REGULAR,NYSE,10243
BTE,20250717 09:40:08.148000,0,1.85,488,1.86,457,REGULAR,REGULAR,NYSE,10243
BTE,20250717 09:40:11.332000,0,1.85,488,1.86,457,REGULAR,REGULAR,NYSE,10243
BTE,20250717 09:40:21.406000,0,1.85,485,1.86,457,REGULAR,REGULAR,NYSE,10243
BTE,20250717 09:40:26.931000,0,1.85,628,1.86,134,REGULAR,REGULAR,NYSE,10243
BTE,20250717 09:40:26.931000,0,1.85,628,1.86,134,REGULAR,REGULAR,NYSE,10243
BTE,20250717 09:40:26.931000,0,1.85,628,1.86,134,REGULAR,REGULAR,NYSE,10243
BTE,20250717 09:40:27.190000,0,1.85,628,1.86,121,REGULAR,REGULAR,NYSE,10308
BTE,20250717 09:40:27.487000,0,1.85,628,1.86,74,REGULAR,REGULAR,NYSE,10243
BTE,20250717 09:40:27.487000,0,1.85,628,1.86,74,REGULAR,REGULAR,NYSE,10243
BTE,20250717 09:40:27.487000,0,1.85,628,1.86,74,REGULAR,REGULAR,NYSE,10243
BTE,20250717 09:40:27.487000,0,1.85,628,1.86,74,REGULAR,REGULAR,NYSE,10243
BTE,20250717 09:40:27.487000,0,1.85,628,1.86,74,REGULAR,REGULAR,NYSE,10243
BTE,20250717 09:40:27.487000,0,1.85,628,1.86,74,REGULAR,REGULAR,NYSE,10243
BTE,20250717 09:40:27.487000,0,1.85,628,1.86,74,REGULAR,REGULAR,NYSE,10243
BTE,20250717 09:40:27.487000,0,1.85,628,1.86,74,REGULAR,REGULAR,NYSE,10243
BTE,20250717 09:40:27.487000,0,1.85,628,1.86,74,REGULAR,REGULAR,NYSE,10243
BTE,20250717 09:40:27.487000,0,1.85,628,1.86,74,REGULAR,REGULAR,NYSE,10243
BTE,20250717 09:40:28.279000,0,1.85,628,1.86,124,REGULAR,REGULAR,NYSE,10243
BTE,20250717 09:40:29.103000,0,1.85,628,1.86,124,REGULAR,REGULAR,NYSE,10243
BTE,20250717 09:40:29.654000,0,1.85,628,1.86,74,REGULAR,REGULAR,NYSE,10243
BTE,20250717 09:40:31.057000,0,1.85,628,1.86,74,REGULAR,REGULAR,NYSE,10243
BTE,20250717 09:40:31.391000,0,1.85,628,1.86,74,REGULAR,REGULAR,NYSE,10243
BTE,20250717 09:40:31.622000,0,1.85,638,1.86,74,REGULAR,REGULAR,NYSE,10243
BTE,20250717 09:40:31.802000,0,1.85,638,1.86,74,REGULAR,REGULAR,NYSE,10243
BTE,20250717 09:40:31.802000,0,1.85,638,1.86,74,REGULAR,REGULAR,NYSE,10243
BTE,20250717 09:40:31.802000,0,1.85,638,1.86,74,REGULAR,REGULAR,NYSE,10243
BTE,20250717 09:40:31.802000,0,1.85,638,1.86,74,REGULAR,REGULAR,NYSE,10243
BTE,20250717 09:40:31.802000,0,1.85,638,1.86,74,REGULAR,REGULAR,NYSE,10243
BTE,20250717 09:40:31.803000,0,1.85,638,1.86,74,REGULAR,REGULAR,NYSE,10243
BTE,20250717 09:40:31.803000,0,1.85,638,1.86,74,REGULAR,REGULAR,NYSE,10243
BTE,20250717 09:40:31.804000,0,1.85,638,1.86,74,REGULAR,REGULAR,NYSE,10243
BTE,20250717 09:40:31.805000,0,1.85,638,1.86,74,REGULAR,REGULAR,NYSE,10243
BTE,20250717 09:40:31.805000,0,1.85,638,1.86,74,REGULAR,REGULAR,NYSE,10243
BTE,20250717 09:40:31.805000,0,1.85,638,1.86,74,REGULAR,REGULAR,NYSE,10243
BTE,20250717 09:40:31.912000,0,1.85,638,1.86,74,REGULAR,REGULAR,NYSE,10243
BTE,20250717 09:40:33.328000,0,1.85,638,1.86,74,REGULAR,REGULAR,NYSE,10243
BTE,20250717 09:40:33.329000,0,1.85,725,1.86,45,REGULAR,REGULAR,NYSE,10243
BTE,20250717 09:40:33.329000,0,1.85,725,1.86,45,REGULAR,REGULAR,NYSE,10243
BTE,20250717 09:40:33.329000,0,1.85,725,1.86,45,REGULAR,REGULAR,NYSE,10243
BTE,20250717 09:40:33.329000,0,1.85,725,1.86,45,REGULAR,REGULAR,NYSE,10243
BTE,20250717 09:40:33.329000,0,1.85,725,1.86,45,REGULAR,REGULAR,NYSE,10243
BTE,20250717 09:40:33.329000,0,1.85,725,1.86,45,REGULAR,REGULAR,NYSE,10243
BTE,20250717 09:40:33.329000,0,1.85,725,1.86,45,REGULAR,REGULAR,NYSE,10243
BTE,20250717 09:40:33.330000,0,1.85,725,1.86,45,REGULAR,REGULAR,NYSE,10243
BTE,20250717 09:40:33.331000,0,1.85,725,1.86,45,REGULAR,REGULAR,NYSE,10243
BTE,20250717 09:40:33.331000,0,1.85,725,1.86,45,REGULAR,REGULAR,NYSE,10243
BTE,20250717 09:40:33.332000,0,1.85,725,1.86,45,REGULAR,REGULAR,NYSE,10243
BTE,20250717 09:40:33.332000,0,1.85,725,1.86,45,REGULAR,REGULAR,NYSE,10243
BTE,20250717 09:40:33.332000,0,1.85,725,1.86,45,REGULAR,REGULAR,NYSE,10243
BTE,20250717 09:40:33.333000,0,1.85,725,1.86,45,REGULAR,REGULAR,NYSE,10243
BTE,20250717 09:40:33.333000,0,1.85,725,1.86,45,REGULAR,REGULAR,NYSE,10243
BTE,20250717 09:40:33.333000,0,1.85,725,1.86,45,REGULAR,REGULAR,NYSE,10243
BTE,20250717 09:40:34.204000,0,1.85,725,1.86,45,REGULAR,REGULAR,NYSE,10243
BTE,20250717 09:40:34.223000,0,1.85,725,1.86,45,REGULAR,REGULAR,NYSE,10243
BTE,20250717 09:40:35.295000,0,1.85,658,1.86,105,REGULAR,REGULAR,NYSE,10243
BTE,20250717 09:40:36.205000,0,1.85,658,1.86,105,REGULAR,REGULAR,NYSE,10243
BTE,20250717 09:40:36.312000,0,1.85,658,1.86,105,REGULAR,REGULAR,NYSE,10243
BTE,20250717 09:40:36.648000,0,1.85,658,1.86,105,REGULAR,REGULAR,NYSE,10243
BTE,20250717 09:40:36.650000,0,1.85,658,1.86,105,REGULAR,REGULAR,NYSE,10243
BTE,20250717 09:40:37.488000,0,1.85,726,1.86,104,REGULAR,REGULAR,NYSE,10243
BTE,20250717 09:40:37.940000,0,1.85,726,1.86,104,REGULAR,REGULAR,NYSE,10243
BTE,20250717 09:40:38.092000,0,1.85,726,1.86,104,REGULAR,REGULAR,NYSE,10243
BTE,20250717 09:40:39.053000,0,1.85,658,1.86,104,REGULAR,REGULAR,NYSE,10243
BTE,20250717 09:40:39.238000,0,1.85,658,1.86,105,REGULAR,REGULAR,NYSE,10243
BTE,20250717 09:40:39.383000,0,1.85,658,1.86,105,REGULAR,REGULAR,NYSE,10243
BTE,20250717 09:40:39.392000,0,1.85,658,1.86,105,REGULAR,REGULAR,NYSE,10243
BTE,20250717 09:40:39.600000,0,1.85,658,1.86,105,REGULAR,REGULAR,NYSE,10243
BTE,20250717 09:40:39.600000,0,1.85,658,1.86,105,REGULAR,REGULAR,NYSE,10243
BTE,20250717 09:40:41.021000,0,1.85,658,1.86,105,REGULAR,REGULAR,NYSE,10243
BTE,20250717 09:40:41.137000,0,1.85,658,1.86,105,REGULAR,REGULAR,NYSE,10243
BTE,20250717 09:40:42.099000,0,1.85,658,1.86,105,REGULAR,REGULAR,NYSE,10243
BTE,20250717 09:40:42.253000,0,1.85,658,1.86,105,REGULAR,REGULAR,NYSE,10243
BTE,20250717 09:40:42.548000,0,1.85,658,1.86,105,REGULAR,REGULAR,NYSE,10243
BTE,20250717 09:40:42.695000,0,1.85,658,1.86,105,REGULAR,REGULAR,NYSE,10243
BTE,20250717 09:40:42.767000,0,1.85,658,1.86,105,REGULAR,REGULAR,NYSE,10243
BTE,20250717 09:40:43.260000,0,1.85,658,1.86,105,REGULAR,REGULAR,NYSE,10243
BTE,20250717 09:40:44.494000,0,1.85,658,1.86,109,REGULAR,REGULAR,NYSE,10300
BTE,20250717 09:40:45.153000,0,1.85,658,1.86,133,REGULAR,REGULAR,NYSE,10313
BTE,20250717 09:40:46.476000,0,1.85,658,1.86,109,REGULAR,REGULAR,NYSE,10300
BTE,20250717 09:40:47.111000,0,1.85,658,1.86,109,REGULAR,REGULAR,NYSE,10300
BTE,20250717 09:40:49.518000,0,1.85,553,1.86,174,REGULAR,REGULAR,NYSE,10243
BTE,20250717 09:40:50.123000,0,1.85,541,1.86,214,REGULAR,REGULAR,NYSE,10243
BTE,20250717 09:40:50.176000,0,1.85,541,1.86,214,REGULAR,REGULAR,NYSE,10243
BTE,20250717 09:40:55.608000,0,1.85,466,1.86,324,REGULAR,REGULAR,NYSE,10243
BTE,20250717 09:40:55.720000,0,1.85,406,1.86,324,REGULAR,REGULAR,NYSE,10243
BTE,20250717 09:40:55.816000,0,1.85,406,1.86,324,REGULAR,REGULAR,NYSE,10243
BTE,20250717 09:40:55.871000,0,1.85,406,1.86,324,REGULAR,REGULAR,NYSE,10243
BTE,20250717 09:40:56.057000,0,1.85,407,1.86,324,REGULAR,REGULAR,NYSE,10243
BTE,20250717 09:40:59.807000,0,1.85,407,1.86,324,REGULAR,REGULAR,NYSE,10243
BTE,20250717 09:41:02.193000,0,1.85,466,1.86,324,REGULAR,REGULAR,NYSE,10243
BTE,20250717 09:41:02.406000,0,1.85,466,1.86,374,REGULAR,REGULAR,NYSE,10243
BTE,20250717 09:41:02.597000,0,1.85,466,1.86,374,REGULAR,REGULAR,NYSE,10243
BTE,20250717 09:41:03.441000,0,1.85,407,1.86,374,REGULAR,REGULAR,NYSE,10243
BTE,20250717 09:41:03.441000,0,1.85,407,1.86,374,REGULAR,REGULAR,NYSE,10243
BTE,20250717 09:41:07.608000,0,1.85,407,1.86,354,REGULAR,REGULAR,NYSE,10243
BTE,20250717 09:41:18.779000,0,1.85,543,1.86,292,REGULAR,REGULAR,NYSE,10243
BTE,20250717 09:41:21.850000,0,1.85,515,1.86,292,REGULAR,REGULAR,NYSE,10243
BTE,20250717 09:41:22.812000,0,1.85,289,1.86,565,REGULAR,REGULAR,NYSE,10243
BTE,20250717 09:41:22.812000,0,1.85,289,1.86,565,REGULAR,REGULAR,NYSE,10243
BTE,20250717 09:41:23.461000,0,1.85,412,1.86,600,REGULAR,REGULAR,NYSE,10243
BTE,20250717 09:41:23.461000,0,1.85,412,1.86,600,REGULAR,REGULAR,NYSE,10243
BTE,20250717 09:41:23.468000,0,1.85,412,1.86,584,REGULAR,REGULAR,NYSE,10243
BTE,20250717 09:41:23.510000,0,1.85,412,1.86,592,REGULAR,REGULAR,NYSE,10243
BTE,20250717 09:41:24.252000,0,1.85,249,1.86,634,REGULAR,REGULAR,NYSE,10243
BTE,20250717 09:41:24.627000,0,1.85,249,1.86,634,REGULAR,REGULAR,NYSE,10243
BTE,20250717 09:41:25.199000,0,1.85,250,1.86,634,REGULAR,REGULAR,NYSE,10243
BTE,20250717 09:41:25.200000,0,1.85,250,1.86,634,REGULAR,REGULAR,NYSE,10243
BTE,20250717 09:41:25.200000,0,1.85,250,1.86,634,REGULAR,REGULAR,NYSE,10243
BTE,20250717 09:41:25.200000,0,1.85,250,1.86,634,REGULAR,REGULAR,NYSE,10243
BTE,20250717 09:41:25.200000,0,1.85,250,1.86,634,REGULAR,REGULAR,NYSE,10243
BTE,20250717 09:41:25.200000,0,1.85,250,1.86,634,REGULAR,REGULAR,NYSE,10243
BTE,20250717 09:41:25.201000,0,1.85,250,1.86,634,REGULAR,REGULAR,NYSE,10243
BTE,20250717 09:41:25.201000,0,1.85,250,1.86,634,REGULAR,REGULAR,NYSE,10243
BTE,20250717 09:41:25.538000,0,1.85,250,1.86,634,REGULAR,REGULAR,NYSE,10243
BTE,20250717 09:41:25.675000,0,1.85,250,1.86,634,REGULAR,REGULAR,NYSE,10243
BTE,20250717 09:41:25.705000,0,1.85,250,1.86,634,REGULAR,REGULAR,NYSE,10243
BTE,20250717 09:41:26.010000,0,1.85,250,1.86,634,REGULAR,REGULAR,NYSE,10243
BTE,20250717 09:41:26.147000,0,1.85,250,1.86,634,REGULAR,REGULAR,NYSE,10243
BTE,20250717 09:41:26.160000,0,1.85,250,1.86,634,REGULAR,REGULAR,NYSE,10243
BTE,20250717 09:41:26.464000,0,1.85,250,1.86,634,REGULAR,REGULAR,NYSE,10243
BTE,20250717 09:41:26.617000,0,1.85,250,1.86,634,REGULAR,REGULAR,NYSE,10243
BTE,20250717 09:41:26.619000,0,1.85,250,1.86,634,REGULAR,REGULAR,NYSE,10243
BTE,20250717 09:41:26.620000,0,1.85,250,1.86,634,REGULAR,REGULAR,NYSE,10243
BTE,20250717 09:41:26.621000,0,1.85,250,1.86,634,REGULAR,REGULAR,NYSE,10243
BTE,20250717 09:41:27.289000,0,1.85,250,1.86,649,REGULAR,REGULAR,NYSE,10243
BTE,20250717 09:41:27.359000,0,1.85,250,1.86,649,REGULAR,REGULAR,NYSE,10243
BTE,20250717 09:41:27.359000,0,1.85,250,1.86,649,REGULAR,REGULAR,NYSE,10243
BTE,20250717 09:41:27.448000,0,1.85,250,1.86,649,REGULAR,REGULAR,NYSE,10243
BTE,20250717 09:41:27.448000,0,1.85,250,1.86,649,REGULAR,REGULAR,NYSE,10243
BTE,20250717 09:41:27.842000,0,1.85,250,1.86,649,REGULAR,REGULAR,NYSE,10243
BTE,20250717 09:41:27.925000,0,1.85,250,1.86,649,REGULAR,REGULAR,NYSE,10243
BTE,20250717 09:41:28.091000,0,1.85,250,1.86,649,REGULAR,REGULAR,NYSE,10243
BTE,20250717 09:41:28.092000,0,1.85,250,1.86,649,REGULAR,REGULAR,NYSE,10243
BTE,20250717 09:41:28.092000,0,1.85,250,1.86,649,REGULAR,REGULAR,NYSE,10243
BTE,20250717 09:41:28.093000,0,1.85,250,1.86,649,REGULAR,REGULAR,NYSE,10243
BTE,20250717 09:41:28.094000,0,1.85,250,1.86,649,REGULAR,REGULAR,NYSE,10243
BTE,20250717 09:41:28.094000,0,1.85,250,1.86,649,REGULAR,REGULAR,NYSE,10243
BTE,20250717 09:41:28.529000,0,1.85,250,1.86,659,REGULAR,REGULAR,NYSE,10243
BTE,20250717 09:41:28.531000,0,1.85,250,1.86,659,REGULAR,REGULAR,NYSE,10243
BTE,20250717 09:41:28.531000,0,1.85,250,1.86,659,REGULAR,REGULAR,NYSE,10243
BTE,20250717 09:41:28.532000,0,1.85,250,1.86,659,REGULAR,REGULAR,NYSE,10243
BTE,20250717 09:41:29.023000,0,1.85,250,1.86,659,REGULAR,REGULAR,NYSE,10243
BTE,20250717 09:41:30.621000,0,1.85,250,1.86,649,REGULAR,REGULAR,NYSE,10243
BTE,20250717 09:41:30.943000,0,1.85,250,1.86,649,REGULAR,REGULAR,NYSE,10243
BTE,20250717 09:41:32.301000,0,1.85,250,1.86,649,REGULAR,REGULAR,NYSE,10243
BTE,20250717 09:41:32.905000,0,1.85,250,1.86,649,REGULAR,REGULAR,NYSE,10243
BTE,20250717 09:41:33.280000,0,1.85,250,1.86,649,REGULAR,REGULAR,NYSE,10243
BTE,20250717 09:41:35.132000,0,1.85,250,1.86,649,REGULAR,REGULAR,NYSE,10243
BTE,20250717 09:41:35.181000,0,1.85,250,1.86,649,REGULAR,REGULAR,NYSE,10243
BTE,20250717 09:41:36.395000,0,1.85,250,1.86,649,REGULAR,REGULAR,NYSE,10243
BTE,20250717 09:41:36.772000,0,1.85,250,1.86,649,REGULAR,REGULAR,NYSE,10243
BTE,20250717 09:41:38.482000,0,1.85,250,1.86,649,REGULAR,REGULAR,NYSE,10243
BTE,20250717 09:41:39.505000,0,1.85,250,1.86,649,REGULAR,REGULAR,NYSE,10243
BTE,20250717 09:41:41.009000,0,1.85,250,1.86,649,REGULAR,REGULAR,NYSE,10243
BTE,20250717 09:41:41.757000,0,1.85,250,1.86,649,REGULAR,REGULAR,NYSE,10243
BTE,20250717 09:41:45.096000,0,1.85,250,1.86,649,REGULAR,REGULAR,NYSE,10243
BTE,20250717 09:41:45.275000,0,1.85,250,1.86,649,REGULAR,REGULAR,NYSE,10243
BTE,20250717 09:41:45.416000,0,1.85,250,1.86,649,REGULAR,REGULAR,NYSE,10243
BTE,20250717 09:41:45.507000,0,1.85,250,1.86,606,REGULAR,REGULAR,NYSE,10243
BTE,20250717 09:41:47.884000,0,1.85,250,1.86,641,REGULAR,REGULAR,NYSE,10243
BTE,20250717 09:41:52.050000,0,1.85,250,1.86,713,REGULAR,REGULAR,NYSE,10243
BTE,20250717 09:42:00.076000,0,1.85,250,1.86,713,REGULAR,REGULAR,NYSE,10243
BTE,20250717 09:42:01.678000,0,1.85,412,1.86,662,REGULAR,REGULAR,NYSE,10243
BTE,20250717 09:42:06.294000,0,1.85,490,1.86,383,REGULAR,REGULAR,NYSE,10243
BTE,20250717 09:42:06.589000,0,1.85,490,1.86,526,REGULAR,REGULAR,NYSE,10243
BTE,20250717 09:42:11.437000,0,1.85,492,1.86,525,REGULAR,REGULAR,NYSE,10243
BTE,20250717 09:42:12.323000,0,1.85,431,1.86,600,REGULAR,REGULAR,NYSE,10243
BTE,20250717 09:42:13.372000,0,1.85,431,1.86,600,REGULAR,REGULAR,NYSE,10243
BTE,20250717 09:42:19.994000,0,1.85,431,1.86,604,REGULAR,REGULAR,NYSE,10243
BTE,20250717 09:42:21.808000,0,1.85,431,1.86,604,REGULAR,REGULAR,NYSE,10243
BTE,20250717 09:42:30.395000,0,1.85,493,1.86,474,REGULAR,REGULAR,NYSE,10243
BTE,20250717 09:42:32.104000,0,1.85,493,1.86,474,REGULAR,REGULAR,NYSE,10243
BTE,20250717 09:42:32.200000,0,1.85,493,1.86,474,REGULAR,REGULAR,NYSE,10243
BTE,20250717 09:42:33.235000,0,1.85,493,1.86,474,REGULAR,REGULAR,NYSE,10243
BTE,20250717 09:42:37.795000,0,1.85,493,1.86,529,REGULAR,REGULAR,NYSE,10243
BTE,20250717 09:42:45.085000,0,1.85,432,1.86,475,REGULAR,REGULAR,NYSE,10243
BTE,20250717 09:42:45.551000,0,1.85,488,1.86,410,REGULAR,REGULAR,NYSE,10243
BTE,20250717 09:42:49.911000,0,1.85,485,1.86,520,REGULAR,REGULAR,NYSE,10243
BTE,20250717 09:42:57.723000,0,1.85,432,1.86,565,REGULAR,REGULAR,NYSE,10243
BTE,20250717 09:43:01.409000,0,1.85,432,1.86,519,REGULAR,REGULAR,NYSE,10243
BTE,20250717 09:43:04.579000,0,1.85,432,1.86,638,REGULAR,REGULAR,NYSE,10243
BTE,20250717 09:43:16.636000,0,1.85,492,1.86,506,REGULAR,REGULAR,NYSE,10243
BTE,20250717 09:43:18.987000,0,1.85,492,1.86,523,REGULAR,REGULAR,NYSE,10243
BTE,20250717 09:43:30.542000,0,1.85,492,1.86,570,REGULAR,REGULAR,NYSE,10243
BTE,20250717 09:43:31.890000,0,1.85,492,1.86,562,REGULAR,REGULAR,NYSE,10243
BTE,20250717 09:43:32.494000,0,1.85,492,1.86,562,REGULAR,REGULAR,NYSE,10243
BTE,20250717 09:43:34.033000,0,1.85,493,1.86,522,REGULAR,REGULAR,NYSE,10243
BTE,20250717 09:43:39.263000,0,1.85,493,1.86,522,REGULAR,REGULAR,NYSE,10243
BTE,20250717 09:43:45.653000,0,1.85,494,1.86,563,REGULAR,REGULAR,NYSE,10243
BTE,20250717 09:43:52.311000,0,1.85,494,1.86,554,REGULAR,REGULAR,NYSE,10243
BTE,20250717 09:44:01.279000,0,1.85,494,1.86,487,REGULAR,REGULAR,NYSE,10243
BTE,20250717 09:44:04.951000,0,1.85,494,1.86,487,REGULAR,REGULAR,NYSE,10243
BTE,20250717 09:44:10.115000,0,1.85,494,1.86,487,REGULAR,REGULAR,NYSE,10243
BTE,20250717 09:44:11.054000,0,1.85,494,1.86,487,REGULAR,REGULAR,NYSE,10243
BTE,20250717 09:44:18.489000,0,1.85,494,1.86,492,REGULAR,REGULAR,NYSE,10243
BTE,20250717 09:44:24.226000,0,1.85,494,1.86,516,REGULAR,REGULAR,NYSE,10243
BTE,20250717 09:44:26.651000,0,1.85,494,1.86,458,REGULAR,REGULAR,NYSE,10243
BTE,20250717 09:44:30.310000,0,1.85,664,1.86,457,REGULAR,REGULAR,NYSE,10243
BTE,20250717 09:44:30.953000,0,1.85,664,1.86,457,REGULAR,REGULAR,NYSE,10243
BTE,20250717 09:44:31.094000,0,1.85,664,1.86,457,REGULAR,REGULAR,NYSE,10243
BTE,20250717 09:44:31.248000,0,1.85,664,1.86,457,REGULAR,REGULAR,NYSE,10243
BTE,20250717 09:44:31.895000,0,1.85,664,1.86,457,REGULAR,REGULAR,NYSE,10243
BTE,20250717 09:44:32.422000,0,1.85,842,1.86,456,REGULAR,REGULAR,NYSE,10243
BTE,20250717 09:44:32.830000,0,1.85,737,1.86,456,REGULAR,REGULAR,NYSE,10243
BTE,20250717 09:44:35.950000,0,1.85,664,1.86,456,REGULAR,REGULAR,NYSE,10243
BTE,20250717 09:44:37.151000,0,1.85,664,1.86,456,REGULAR,REGULAR,NYSE,10243
BTE,20250717 09:44:40.626000,0,1.85,731,1.86,456,REGULAR,REGULAR,NYSE,10243
BTE,20250717 09:44:40.924000,0,1.86,406,1.86,1,REGULAR,REGULAR,PACF,10304
BTE,20250717 09:44:40.924000,0,1.86,406,1.86,1,REGULAR,REGULAR,PACF,10304
BTE,20250717 09:44:40.924000,0,1.86,406,1.86,1,REGULAR,REGULAR,PACF,10304
BTE,20250717 09:44:40.924000,0,1.86,406,1.86,1,REGULAR,REGULAR,PACF,10304
BTE,20250717 09:44:40.924000,0,1.86,406,1.86,1,REGULAR,REGULAR,PACF,10304
BTE,20250717 09:44:40.924000,0,1.86,406,1.86,1,REGULAR,REGULAR,PACF,10304
BTE,20250717 09:44:40.924000,0,1.86,406,1.86,1,REGULAR,REGULAR,PACF,10304
BTE,20250717 09:44:40.924000,0,1.86,406,1.86,1,REGULAR,REGULAR,PACF,10304
BTE,20250717 09:44:40.924000,0,1.86,406,1.86,1,REGULAR,REGULAR,PACF,10304
BTE,20250717 09:44:40.924000,0,1.86,406,1.86,1,REGULAR,REGULAR,PACF,10304
BTE,20250717 09:44:40.924000,0,1.86,406,1.86,1,REGULAR,REGULAR,PACF,10304
BTE,20250717 09:44:40.924000,0,1.86,406,1.86,1,REGULAR,REGULAR,PACF,10304
BTE,20250717 09:44:40.924000,0,1.86,406,1.86,1,REGULAR,REGULAR,PACF,10304
BTE,20250717 09:44:40.924000,0,1.86,406,1.86,1,REGULAR,REGULAR,PACF,10304
BTE,20250717 09:44:40.924000,0,1.86,406,1.86,1,REGULAR,REGULAR,PACF,10304
BTE,20250717 09:44:40.924000,0,1.86,406,1.86,1,REGULAR,REGULAR,PACF,10304
BTE,20250717 09:44:40.924000,0,1.86,406,1.86,1,REGULAR,REGULAR,PACF,10304
BTE,20250717 09:44:40.924000,0,1.86,406,1.86,1,REGULAR,REGULAR,PACF,10304
BTE,20250717 09:44:40.924000,0,1.86,406,1.86,1,REGULAR,REGULAR,PACF,10304
BTE,20250717 09:44:40.924000,0,1.86,406,1.86,1,REGULAR,REGULAR,PACF,10304
BTE,20250717 09:44:40.924000,0,1.86,406,1.86,1,REGULAR,REGULAR,PACF,10304
BTE,20250717 09:44:40.924000,0,1.86,406,1.86,1,REGULAR,REGULAR,PACF,10304
BTE,20250717 09:44:40.924000,0,1.86,406,1.86,1,REGULAR,REGULAR,PACF,10304
BTE,20250717 09:44:40.924000,0,1.86,406,1.86,1,REGULAR,REGULAR,PACF,10304
BTE,20250717 09:44:40.924000,0,1.86,406,1.86,1,REGULAR,REGULAR,PACF,10304
BTE,20250717 09:44:40.924000,0,1.86,406,1.86,1,REGULAR,REGULAR,PACF,10304
BTE,20250717 09:44:40.924000,0,1.86,406,1.86,1,REGULAR,REGULAR,PACF,10304
BTE,20250717 09:44:40.924000,0,1.86,406,1.86,1,REGULAR,REGULAR,PACF,10304
BTE,20250717 09:44:40.924000,0,1.86,406,1.86,1,REGULAR,REGULAR,PACF,10304
BTE,20250717 09:44:40.924000,0,1.86,406,1.86,1,REGULAR,REGULAR,PACF,10304
BTE,20250717 09:44:40.924000,0,1.86,406,1.86,1,REGULAR,REGULAR,PACF,10304
BTE,20250717 09:44:40.924000,0,1.86,406,1.86,1,REGULAR,REGULAR,PACF,10304
BTE,20250717 09:44:40.924000,0,1.86,406,1.86,1,REGULAR,REGULAR,PACF,10304
BTE,20250717 09:44:40.924000,0,1.86,406,1.86,1,REGULAR,REGULAR,PACF,10304
BTE,20250717 09:44:40.924000,0,1.86,406,1.86,1,REGULAR,REGULAR,PACF,10304
BTE,20250717 09:44:40.924000,0,1.86,406,1.86,1,REGULAR,REGULAR,PACF,10304
BTE,20250717 09:44:40.924000,0,1.86,406,1.86,1,REGULAR,REGULAR,PACF,10304
BTE,20250717 09:44:40.924000,0,1.86,406,1.86,1,REGULAR,REGULAR,PACF,10304
BTE,20250717 09:44:40.924000,0,1.86,406,1.86,1,REGULAR,REGULAR,PACF,10304
BTE,20250717 09:44:40.924000,0,1.86,406,1.86,1,REGULAR,REGULAR,PACF,10304
BTE,20250717 09:44:40.924000,0,1.86,406,1.86,1,REGULAR,REGULAR,PACF,10304
BTE,20250717 09:44:40.925000,0,1.86,513,1.87,417,REGULAR,REGULAR,IEX,10247
BTE,20250717 09:44:40.925000,0,1.86,513,1.87,417,REGULAR,REGULAR,IEX,10247
BTE,20250717 09:44:40.931000,0,1.86,557,1.87,377,REGULAR,REGULAR,NYSE,10243
BTE,20250717 09:44:41.044000,0,1.86,379,1.87,579,REGULAR,REGULAR,IEX,10243
BTE,20250717 09:44:41.081000,0,1.86,303,1.87,619,REGULAR,REGULAR,BATS,10243
BTE,20250717 09:44:42.049000,0,1.86,220,1.87,672,REGULAR,REGULAR,NYSE,10243
BTE,20250717 09:44:42.049000,0,1.86,220,1.87,672,REGULAR,REGULAR,NYSE,10243
BTE,20250717 09:44:42.049000,0,1.86,220,1.87,672,REGULAR,REGULAR,NYSE,10243
BTE,20250717 09:44:42.049000,0,1.86,220,1.87,672,REGULAR,REGULAR,NYSE,10243
BTE,20250717 09:44:42.049000,0,1.86,220,1.87,672,REGULAR,REGULAR,NYSE,10243
BTE,20250717 09:44:45.867000,0,1.86,389,1.87,363,REGULAR,REGULAR,NYSE,10243
BTE,20250717 09:44:47.377000,0,1.86,389,1.87,407,REGULAR,REGULAR,NYSE,10243
BTE,20250717 09:44:49.520000,0,1.86,389,1.87,407,REGULAR,REGULAR,NYSE,10243
BTE,20250717 09:44:51.827000,0,1.86,389,1.87,407,REGULAR,REGULAR,NYSE,10243
BTE,20250717 09:44:51.984000,0,1.86,389,1.87,407,REGULAR,REGULAR,NYSE,10243
BTE,20250717 09:44:52.854000,0,1.86,341,1.87,407,REGULAR,REGULAR,IEX,10243
BTE,20250717 09:44:54.673000,0,1.86,324,1.87,407,REGULAR,REGULAR,NYSE,10243
BTE,20250717 09:44:54.808000,0,1.86,324,1.87,431,REGULAR,REGULAR,NYSE,10243
BTE,20250717 09:44:54.808000,0,1.86,324,1.87,431,REGULAR,REGULAR,NYSE,10243
BTE,20250717 09:44:59.399000,0,1.86,528,1.87,636,REGULAR,REGULAR,NYSE,10243
BTE,20250717 09:44:59.990000,0,1.86,414,1.87,636,REGULAR,REGULAR,NYSE,10243
BTE,20250717 09:45:17.697000,0,1.86,530,1.87,711,REGULAR,REGULAR,NYSE,10243
BTE,20250717 09:45:25.419000,0,1.86,450,1.87,666,REGULAR,REGULAR,NYSE,10243
BTE,20250717 09:45:28.709000,0,1.86,450,1.87,666,REGULAR,REGULAR,NYSE,10243
BTE,20250717 09:45:30.861000,0,1.86,511,1.87,666,REGULAR,REGULAR,NYSE,10243
BTE,20250717 09:45:33.943000,0,1.86,486,1.87,666,REGULAR,REGULAR,NYSE,10243
BTE,20250717 09:45:36.957000,0,1.86,486,1.87,666,REGULAR,REGULAR,NYSE,10243
BTE,20250717 09:45:38.443000,0,1.86,486,1.87,666,REGULAR,REGULAR,NYSE,10243
BTE,20250717 09:45:44.682000,0,1.86,511,1.87,666,REGULAR,REGULAR,NYSE,10243
BTE,20250717 09:45:48.580000,0,1.86,511,1.87,667,REGULAR,REGULAR,NYSE,10243
BTE,20250717 09:45:55.711000,0,1.86,423,1.87,668,REGULAR,REGULAR,NYSE,10243
BTE,20250717 09:45:58.691000,0,1.86,448,1.87,668,REGULAR,REGULAR,NYSE,10243
BTE,20250717 09:45:59.528000,0,1.86,448,1.87,668,REGULAR,REGULAR,NYSE,10243
BTE,20250717 09:45:59.904000,0,1.86,448,1.87,668,REGULAR,REGULAR,NYSE,10243
BTE,20250717 09:46:14.552000,0,1.86,370,1.87,638,REGULAR,REGULAR,NYSE,10243
BTE,20250717 09:46:14.730000,0,1.86,370,1.87,638,REGULAR,REGULAR,NYSE,10243
BTE,20250717 09:46:14.736000,0,1.86,370,1.87,638,REGULAR,REGULAR,NYSE,10243
BTE,20250717 09:46:18.408000,0,1.86,370,1.87,630,REGULAR,REGULAR,NYSE,10243
BTE,20250717 09:46:37.609000,0,1.86,501,1.87,655,REGULAR,REGULAR,NYSE,10243
BTE,20250717 09:46:39.742000,0,1.86,501,1.87,655,REGULAR,REGULAR,NYSE,10243
BTE,20250717 09:46:41.199000,0,1.86,502,1.87,655,REGULAR,REGULAR,NYSE,10243
BTE,20250717 09:46:42.158000,0,1.86,502,1.87,655,REGULAR,REGULAR,NYSE,10243
BTE,20250717 09:46:43.537000,0,1.86,502,1.87,660,REGULAR,REGULAR,NYSE,10243
BTE,20250717 09:46:45.622000,0,1.86,502,1.87,695,REGULAR,REGULAR,NYSE,10243
BTE,20250717 09:46:47.040000,0,1.86,502,1.87,711,REGULAR,REGULAR,NYSE,10243
BTE,20250717 09:46:48.369000,0,1.86,502,1.87,711,REGULAR,REGULAR,NYSE,10243
BTE,20250717 09:46:48.523000,0,1.86,502,1.87,711,REGULAR,REGULAR,NYSE,10243
BTE,20250717 09:46:49.446000,0,1.86,502,1.87,711,REGULAR,REGULAR,NYSE,10243
BTE,20250717 09:46:49.650000,0,1.86,502,1.87,711,REGULAR,REGULAR,NYSE,10243
BTE,20250717 09:46:49.736000,0,1.86,502,1.87,711,REGULAR,REGULAR,NYSE,10243
BTE,20250717 09:46:50.704000,0,1.86,502,1.87,711,REGULAR,REGULAR,NYSE,10243
BTE,20250717 09:46:50.897000,0,1.86,502,1.87,711,REGULAR,REGULAR,NYSE,10243
BTE,20250717 09:46:51.719000,0,1.86,502,1.87,711,REGULAR,REGULAR,NYSE,10243
BTE,20250717 09:46:51.905000,0,1.86,502,1.87,711,REGULAR,REGULAR,NYSE,10243
BTE,20250717 09:46:52.834000,0,1.86,502,1.87,711,REGULAR,REGULAR,NYSE,10243
BTE,20250717 09:46:52.983000,0,1.86,503,1.87,711,REGULAR,REGULAR,NYSE,10243
BTE,20250717 09:46:54.028000,0,1.86,503,1.87,711,REGULAR,REGULAR,NYSE,10243
BTE,20250717 09:46:54.108000,0,1.86,503,1.87,711,REGULAR,REGULAR,NYSE,10243
BTE,20250717 09:46:54.181000,0,1.86,503,1.87,711,REGULAR,REGULAR,NYSE,10243
BTE,20250717 09:46:54.182000,0,1.86,501,1.87,711,REGULAR,REGULAR,NYSE,10243
BTE,20250717 09:46:55.466000,0,1.86,501,1.87,703,REGULAR,REGULAR,NYSE,10243
BTE,20250717 09:46:55.470000,0,1.86,501,1.87,703,REGULAR,REGULAR,NYSE,10243
BTE,20250717 09:46:55.524000,0,1.86,501,1.87,703,REGULAR,REGULAR,NYSE,10243
BTE,20250717 09:46:56.057000,0,1.86,501,1.87,703,REGULAR,REGULAR,NYSE,10243
BTE,20250717 09:46:56.634000,0,1.86,502,1.87,703,REGULAR,REGULAR,NYSE,10243
BTE,20250717 09:46:57.109000,0,1.86,502,1.87,703,REGULAR,REGULAR,NYSE,10243
BTE,20250717 09:46:57.577000,0,1.86,502,1.87,703,REGULAR,REGULAR,NYSE,10243
BTE,20250717 09:46:57.577000,0,1.86,502,1.87,703,REGULAR,REGULAR,NYSE,10243
BTE,20250717 09:46:58.345000,0,1.86,502,1.87,694,REGULAR,REGULAR,NYSE,10243
BTE,20250717 09:46:58.380000,0,1.86,502,1.87,694,REGULAR,REGULAR,NYSE,10243
BTE,20250717 09:46:59.572000,0,1.86,502,1.87,694,REGULAR,REGULAR,NYSE,10243
BTE,20250717 09:46:59.677000,0,1.86,502,1.87,694,REGULAR,REGULAR,NYSE,10243
BTE,20250717 09:47:00.782000,0,1.86,502,1.87,694,REGULAR,REGULAR,NYSE,10243
BTE,20250717 09:47:01.165000,0,1.86,502,1.87,694,REGULAR,REGULAR,NYSE,10243
BTE,20250717 09:47:01.855000,0,1.86,503,1.87,688,REGULAR,REGULAR,NYSE,10243
BTE,20250717 09:47:01.865000,0,1.86,503,1.87,688,REGULAR,REGULAR,NYSE,10243
BTE,20250717 09:47:02.436000,0,1.86,503,1.87,688,REGULAR,REGULAR,NYSE,10243
BTE,20250717 09:47:03.296000,0,1.86,503,1.87,688,REGULAR,REGULAR,NYSE,10243
BTE,20250717 09:47:04.463000,0,1.86,503,1.87,688,REGULAR,REGULAR,NYSE,10243
BTE,20250717 09:47:04.740000,0,1.86,503,1.87,688,REGULAR,REGULAR,NYSE,10243
BTE,20250717 09:47:05.795000,0,1.86,503,1.87,688,REGULAR,REGULAR,NYSE,10243
BTE,20250717 09:47:10.931000,0,1.86,574,1.87,693,REGULAR,REGULAR,NYSE,10243
BTE,20250717 09:47:30.240000,0,1.86,574,1.87,689,REGULAR,REGULAR,NYSE,10243
BTE,20250717 09:48:00.234000,0,1.86,574,1.87,690,REGULAR,REGULAR,NYSE,10243
BTE,20250717 09:48:02.344000,0,1.86,574,1.87,690,REGULAR,REGULAR,NYSE,10243
BTE,20250717 09:48:04.300000,0,1.86,574,1.87,690,REGULAR,REGULAR,NYSE,10243
BTE,20250717 09:48:11.229000,0,1.86,574,1.87,685,REGULAR,REGULAR,NYSE,10243
BTE,20250717 09:48:23.230000,0,1.86,574,1.87,691,REGULAR,REGULAR,NYSE,10243
BTE,20250717 09:48:23.230000,0,1.86,574,1.87,691,REGULAR,REGULAR,NYSE,10243
BTE,20250717 09:48:23.231000,0,1.86,576,1.87,691,REGULAR,REGULAR,NYSE,10243
BTE,20250717 09:48:23.231000,0,1.86,576,1.87,691,REGULAR,REGULAR,NYSE,10243
BTE,20250717 09:48:23.231000,0,1.86,576,1.87,691,REGULAR,REGULAR,NYSE,10243
BTE,20250717 09:48:33.289000,0,1.86,576,1.87,691,REGULAR,REGULAR,NYSE,10243
BTE,20250717 09:48:37.769000,0,1.86,576,1.87,691,REGULAR,REGULAR,NYSE,10243
BTE,20250717 09:48:41.838000,0,1.86,577,1.87,680,REGULAR,REGULAR,NYSE,10243
BTE,20250717 09:48:52.462000,0,1.86,577,1.87,688,REGULAR,REGULAR,NYSE,10243
BTE,20250717 09:48:56.804000,0,1.86,577,1.87,688,REGULAR,REGULAR,NYSE,10243
BTE,20250717 09:49:00.721000,0,1.86,577,1.87,784,REGULAR,REGULAR,NYSE,10243
BTE,20250717 09:49:01.371000,0,1.86,577,1.87,784,REGULAR,REGULAR,NYSE,10243
BTE,20250717 09:49:01.631000,0,1.86,577,1.87,784,REGULAR,REGULAR,NYSE,10243
BTE,20250717 09:49:03.069000,0,1.86,577,1.87,784,REGULAR,REGULAR,NYSE,10243
BTE,20250717 09:49:16.877000,0,1.86,577,1.87,781,REGULAR,REGULAR,NYSE,10243
BTE,20250717 09:49:19.860000,0,1.86,577,1.87,781,REGULAR,REGULAR,NYSE,10243
BTE,20250717 09:49:24.962000,0,1.86,600,1.87,781,REGULAR,REGULAR,NYSE,10243
BTE,20250717 09:49:26.248000,0,1.86,577,1.87,781,REGULAR,REGULAR,NYSE,10243
BTE,20250717 09:49:30.242000,0,1.86,577,1.87,781,REGULAR,REGULAR,NYSE,10243
BTE,20250717 09:49:30.243000,0,1.86,577,1.87,781,REGULAR,REGULAR,NYSE,10243
BTE,20250717 09:49:38.307000,0,1.86,577,1.87,782,REGULAR,REGULAR,NYSE,10243
BTE,20250717 09:49:38.541000,0,1.86,577,1.87,782,REGULAR,REGULAR,NYSE,10243
BTE,20250717 09:49:43.570000,0,1.86,642,1.87,786,REGULAR,REGULAR,NYSE,10243
BTE,20250717 09:49:43.570000,0,1.86,642,1.87,786,REGULAR,REGULAR,NYSE,10243
BTE,20250717 09:49:44.648000,0,1.86,642,1.87,737,REGULAR,REGULAR,NYSE,10243
BTE,20250717 09:49:45.360000,0,1.86,642,1.87,784,REGULAR,REGULAR,NYSE,10243
BTE,20250717 09:49:46.215000,0,1.86,642,1.87,784,REGULAR,REGULAR,NYSE,10243
BTE,20250717 09:49:51.740000,0,1.86,806,1.87,426,REGULAR,REGULAR,NYSE,10243
BTE,20250717 09:49:53.803000,0,1.86,888,1.87,481,REGULAR,REGULAR,NYSE,10243
BTE,20250717 09:49:53.844000,0,1.86,948,1.87,481,REGULAR,REGULAR,NYSE,10243
BTE,20250717 09:49:54.245000,0,1.86,948,1.87,481,REGULAR,REGULAR,NYSE,10243
BTE,20250717 09:49:55.509000,0,1.86,1046,1.87,462,REGULAR,REGULAR,NYSE,10243
BTE,20250717 09:49:55.763000,0,1.86,1046,1.87,463,REGULAR,REGULAR,NYSE,10243
BTE,20250717 09:49:56.041000,0,1.86,1046,1.87,463,REGULAR,REGULAR,NYSE,10243
BTE,20250717 09:49:56.886000,0,1.86,1046,1.87,463,REGULAR,REGULAR,NYSE,10243
BTE,20250717 09:49:56.993000,0,1.86,1046,1.87,463,REGULAR,REGULAR,NYSE,10243
BTE,20250717 09:49:57.037000,0,1.86,1135,1.87,362,REGULAR,REGULAR,NYSE,10243
BTE,20250717 09:49:57.037000,0,1.86,1135,1.87,362,REGULAR,REGULAR,NYSE,10243
BTE,20250717 09:49:57.037000,0,1.86,1135,1.87,362,REGULAR,REGULAR,NYSE,10243
BTE,20250717 09:49:58.207000,0,1.86,1106,1.87,331,REGULAR,REGULAR,NYSE,10243
BTE,20250717 09:49:58.529000,0,1.86,1106,1.87,331,REGULAR,REGULAR,NYSE,10243
BTE,20250717 09:49:58.531000,0,1.86,1106,1.87,331,REGULAR,REGULAR,NYSE,10243
BTE,20250717 09:49:58.583000,0,1.86,1107,1.87,331,REGULAR,REGULAR,NYSE,10243
BTE,20250717 09:49:58.870000,0,1.86,1107,1.87,331,REGULAR,REGULAR,NYSE,10243
BTE,20250717 09:49:58.907000,0,1.86,1107,1.87,331,REGULAR,REGULAR,NYSE,10243
BTE,20250717 09:49:58.953000,0,1.86,1107,1.87,331,REGULAR,REGULAR,NYSE,10243
BTE,20250717 09:49:59.167000,0,1.86,1107,1.87,331,REGULAR,REGULAR,NYSE,10243
BTE,20250717 09:49:59.489000,0,1.86,1107,1.87,331,REGULAR,REGULAR,NYSE,10243
BTE,20250717 09:49:59.833000,0,1.86,1107,1.87,276,REGULAR,REGULAR,NYSE,10243
BTE,20250717 09:49:59.833000,0,1.86,1107,1.87,276,REGULAR,REGULAR,NYSE,10243
BTE,20250717 09:49:59.833000,0,1.86,1107,1.87,276,REGULAR,REGULAR,NYSE,10243
BTE,20250717 09:49:59.834000,0,1.86,1146,1.87,40,REGULAR,REGULAR,NYSE,10308
BTE,20250717 09:49:59.834000,0,1.86,1146,1.87,40,REGULAR,REGULAR,NYSE,10308
BTE,20250717 09:49:59.834000,0,1.86,1146,1.87,40,REGULAR,REGULAR,NYSE,10308
BTE,20250717 09:49:59.834000,0,1.86,1146,1.87,40,REGULAR,REGULAR,NYSE,10308
BTE,20250717 09:49:59.834000,0,1.86,1146,1.87,40,REGULAR,REGULAR,NYSE,10308
BTE,20250717 09:49:59.834000,0,1.86,1146,1.87,40,REGULAR,REGULAR,NYSE,10308
BTE,20250717 09:49:59.834000,0,1.86,1146,1.87,40,REGULAR,REGULAR,NYSE,10308
BTE,20250717 09:49:59.834000,0,1.86,1146,1.87,40,REGULAR,REGULAR,NYSE,10308
BTE,20250717 09:49:59.834000,0,1.86,1146,1.87,40,REGULAR,REGULAR,NYSE,10308
BTE,20250717 09:49:59.834000,0,1.86,1146,1.87,40,REGULAR,REGULAR,NYSE,10308
BTE,20250717 09:49:59.834000,0,1.86,1146,1.87,40,REGULAR,REGULAR,NYSE,10308
BTE,20250717 09:49:59.848000,0,1.86,1127,1.87,253,REGULAR,REGULAR,NYSE,10243
BTE,20250717 09:50:00.694000,0,1.86,979,1.87,253,REGULAR,REGULAR,NYSE,10243
BTE,20250717 09:50:00.855000,0,1.86,1304,1.87,116,REGULAR,REGULAR,NYSE,10243
BTE,20250717 09:50:00.855000,0,1.86,1304,1.87,116,REGULAR,REGULAR,NYSE,10243
BTE,20250717 09:50:00.855000,0,1.86,1304,1.87,116,REGULAR,REGULAR,NYSE,10243
BTE,20250717 09:50:00.858000,0,1.86,1299,1.87,116,REGULAR,REGULAR,NYSE,10243
BTE,20250717 09:50:00.858000,0,1.86,1299,1.87,116,REGULAR,REGULAR,NYSE,10243
BTE,20250717 09:50:00.858000,0,1.86,1299,1.87,116,REGULAR,REGULAR,NYSE,10243
BTE,20250717 09:50:00.858000,0,1.86,1299,1.87,116,REGULAR,REGULAR,NYSE,10243
BTE,20250717 09:50:01.091000,0,1.86,1298,1.87,163,REGULAR,REGULAR,NYSE,10243
BTE,20250717 09:50:01.115000,0,1.86,1298,1.87,163,REGULAR,REGULAR,NYSE,10243
BTE,20250717 09:50:01.253000,0,1.86,1298,1.87,163,REGULAR,REGULAR,NYSE,10243
BTE,20250717 09:50:01.271000,0,1.86,1298,1.87,163,REGULAR,REGULAR,NYSE,10243
BTE,20250717 09:50:01.362000,0,1.86,1298,1.87,163,REGULAR,REGULAR,NYSE,10243
BTE,20250717 09:50:01.455000,0,1.86,1298,1.87,163,REGULAR,REGULAR,NYSE,10243
BTE,20250717 09:50:01.734000,0,1.86,1298,1.87,163,REGULAR,REGULAR,NYSE,10243
BTE,20250717 09:50:01.966000,0,1.86,1318,1.87,238,REGULAR,REGULAR,NYSE,10243
BTE,20250717 09:50:01.969000,0,1.86,1318,1.87,238,REGULAR,REGULAR,NYSE,10243
BTE,20250717 09:50:01.969000,0,1.86,1318,1.87,238,REGULAR,REGULAR,NYSE,10243
BTE,20250717 09:50:01.970000,0,1.86,1318,1.87,238,REGULAR,REGULAR,NYSE,10243
BTE,20250717 09:50:01.984000,0,1.86,1318,1.87,316,REGULAR,REGULAR,NYSE,10243
BTE,20250717 09:50:02.087000,0,1.86,1318,1.87,316,REGULAR,REGULAR,NYSE,10243
BTE,20250717 09:50:02.829000,0,1.86,1318,1.87,246,REGULAR,REGULAR,NYSE,10243
BTE,20250717 09:50:02.884000,0,1.86,1318,1.87,246,REGULAR,REGULAR,NYSE,10243
BTE,20250717 09:50:03.120000,0,1.86,1218,1.87,246,REGULAR,REGULAR,NYSE,10243
BTE,20250717 09:50:03.257000,0,1.86,1218,1.87,246,REGULAR,REGULAR,NYSE,10243
BTE,20250717 09:50:03.296000,0,1.86,1218,1.87,246,REGULAR,REGULAR,NYSE,10243
BTE,20250717 09:50:03.319000,0,1.86,1218,1.87,246,REGULAR,REGULAR,NYSE,10243
BTE,20250717 09:50:03.369000,0,1.86,1218,1.87,246,REGULAR,REGULAR,NYSE,10243
BTE,20250717 09:50:03.427000,0,1.86,1218,1.87,246,REGULAR,REGULAR,NYSE,10243
BTE,20250717 09:50:03.599000,0,1.86,1218,1.87,246,REGULAR,REGULAR,NYSE,10243
BTE,20250717 09:50:03.751000,0,1.86,1218,1.87,246,REGULAR,REGULAR,NYSE,10243
BTE,20250717 09:50:03.813000,0,1.86,1218,1.87,246,REGULAR,REGULAR,NYSE,10243
BTE,20250717 09:50:03.813000,0,1.86,1218,1.87,246,REGULAR,REGULAR,NYSE,10243
BTE,20250717 09:50:03.871000,0,1.86,1218,1.87,246,REGULAR,REGULAR,NYSE,10243
BTE,20250717 09:50:04.135000,0,1.86,1318,1.87,142,REGULAR,REGULAR,NYSE,10243
BTE,20250717 09:50:04.135000,0,1.86,1318,1.87,142,REGULAR,REGULAR,NYSE,10243
BTE,20250717 09:50:04.137000,0,1.86,1318,1.87,142,REGULAR,REGULAR,NYSE,10243
BTE,20250717 09:50:04.137000,0,1.86,1318,1.87,142,REGULAR,REGULAR,NYSE,10243
BTE,20250717 09:50:04.138000,0,1.86,1318,1.87,142,REGULAR,REGULAR,NYSE,10243
BTE,20250717 09:50:04.643000,0,1.86,1318,1.87,163,REGULAR,REGULAR,NYSE,10243
BTE,20250717 09:50:04.675000,0,1.86,1318,1.87,163,REGULAR,REGULAR,NYSE,10243
BTE,20250717 09:50:04.740000,0,1.87,497,1.87,14,REGULAR,REGULAR,NYSE,10300
BTE,20250717 09:50:04.740000,0,1.87,497,1.87,14,REGULAR,REGULAR,NYSE,10300
BTE,20250717 09:50:04.740000,0,1.87,497,1.87,14,REGULAR,REGULAR,NYSE,10300
BTE,20250717 09:50:04.740000,0,1.87,497,1.87,14,REGULAR,REGULAR,NYSE,10300
BTE,20250717 09:50:04.740000,0,1.87,497,1.87,14,REGULAR,REGULAR,NYSE,10300
BTE,20250717 09:50:04.741000,0,1.87,595,1.88,701,REGULAR,REGULAR,NYSE,10243
BTE,20250717 09:50:04.741000,0,1.87,595,1.88,701,REGULAR,REGULAR,NYSE,10243
BTE,20250717 09:50:04.741000,0,1.87,595,1.88,701,REGULAR,REGULAR,NYSE,10243
BTE,20250717 09:50:04.745000,0,1.87,595,1.88,750,REGULAR,REGULAR,NYSE,10243
BTE,20250717 09:50:04.834000,0,1.87,499,1.88,899,REGULAR,REGULAR,NYSE,10243
BTE,20250717 09:50:04.996000,0,1.87,499,1.88,839,REGULAR,REGULAR,NYSE,10243
BTE,20250717 09:50:04.998000,0,1.87,499,1.88,839,REGULAR,REGULAR,NYSE,10243
BTE,20250717 09:50:05.008000,0,1.87,499,1.88,839,REGULAR,REGULAR,NYSE,10243
BTE,20250717 09:50:05.083000,0,1.87,499,1.88,839,REGULAR,REGULAR,NYSE,10243
BTE,20250717 09:50:05.084000,0,1.87,499,1.88,839,REGULAR,REGULAR,NYSE,10243
BTE,20250717 09:50:05.440000,0,1.87,399,1.88,839,REGULAR,REGULAR,NYSE,10243
BTE,20250717 09:50:05.933000,0,1.87,399,1.88,839,REGULAR,REGULAR,NYSE,10243
BTE,20250717 09:50:05.966000,0,1.87,399,1.88,839,REGULAR,REGULAR,NYSE,10243
BTE,20250717 09:50:06.078000,0,1.87,399,1.88,839,REGULAR,REGULAR,NYSE,10243
BTE,20250717 09:50:06.713000,0,1.87,399,1.88,839,REGULAR,REGULAR,NYSE,10243
BTE,20250717 09:50:06.897000,0,1.87,399,1.88,839,REGULAR,REGULAR,NYSE,10243
BTE,20250717 09:50:06.949000,0,1.87,399,1.88,839,REGULAR,REGULAR,NYSE,10243
BTE,20250717 09:50:07.262000,0,1.87,399,1.88,839,REGULAR,REGULAR,NYSE,10243
BTE,20250717 09:50:07.266000,0,1.87,399,1.88,839,REGULAR,REGULAR,NYSE,10243
BTE,20250717 09:50:07.267000,0,1.87,399,1.88,839,REGULAR,REGULAR,NYSE,10243
BTE,20250717 09:50:07.267000,0,1.87,399,1.88,839,REGULAR,REGULAR,NYSE,10243
BTE,20250717 09:50:07.267000,0,1.87,399,1.88,839,REGULAR,REGULAR,NYSE,10243
BTE,20250717 09:50:07.267000,0,1.87,399,1.88,839,REGULAR,REGULAR,NYSE,10243
BTE,20250717 09:50:07.268000,0,1.87,399,1.88,839,REGULAR,REGULAR,NYSE,10243
BTE,20250717 09:50:07.268000,0,1.87,399,1.88,839,REGULAR,REGULAR,NYSE,10243
BTE,20250717 09:50:07.269000,0,1.87,399,1.88,839,REGULAR,REGULAR,NYSE,10243
BTE,20250717 09:50:07.269000,0,1.87,399,1.88,839,REGULAR,REGULAR,NYSE,10243
BTE,20250717 09:50:07.269000,0,1.87,399,1.88,839,REGULAR,REGULAR,NYSE,10243
BTE,20250717 09:50:07.269000,0,1.87,399,1.88,839,REGULAR,REGULAR,NYSE,10243
BTE,20250717 09:50:07.270000,0,1.87,399,1.88,839,REGULAR,REGULAR,NYSE,10243
BTE,20250717 09:50:07.270000,0,1.87,399,1.88,839,REGULAR,REGULAR,NYSE,10243
BTE,20250717 09:50:07.270000,0,1.87,399,1.88,839,REGULAR,REGULAR,NYSE,10243
BTE,20250717 09:50:07.271000,0,1.87,399,1.88,839,REGULAR,REGULAR,NYSE,10243
BTE,20250717 09:50:07.307000,0,1.87,399,1.88,839,REGULAR,REGULAR,NYSE,10243
BTE,20250717 09:50:07.497000,0,1.87,470,1.88,839,REGULAR,REGULAR,NYSE,10243
BTE,20250717 09:50:07.499000,0,1.87,470,1.88,839,REGULAR,REGULAR,NYSE,10243
BTE,20250717 09:50:07.501000,0,1.87,470,1.88,839,REGULAR,REGULAR,NYSE,10243
BTE,20250717 09:50:07.878000,0,1.87,470,1.88,839,REGULAR,REGULAR,NYSE,10243
BTE,20250717 09:50:07.880000,0,1.87,470,1.88,839,REGULAR,REGULAR,NYSE,10243
BTE,20250717 09:50:07.880000,0,1.87,470,1.88,839,REGULAR,REGULAR,NYSE,10243
BTE,20250717 09:50:07.946000,0,1.87,470,1.88,845,REGULAR,REGULAR,NYSE,10243
BTE,20250717 09:50:08.241000,0,1.87,470,1.88,845,REGULAR,REGULAR,NYSE,10243
BTE,20250717 09:50:08.250000,0,1.87,470,1.88,845,REGULAR,REGULAR,NYSE,10243
BTE,20250717 09:50:08.261000,0,1.87,470,1.88,845,REGULAR,REGULAR,NYSE,10243
BTE,20250717 09:50:08.544000,0,1.87,470,1.88,845,REGULAR,REGULAR,NYSE,10243
BTE,20250717 09:50:08.545000,0,1.87,470,1.88,845,REGULAR,REGULAR,NYSE,10243
BTE,20250717 09:50:08.546000,0,1.87,470,1.88,845,REGULAR,REGULAR,NYSE,10243
BTE,20250717 09:50:08.547000,0,1.87,470,1.88,845,REGULAR,REGULAR,NYSE,10243
BTE,20250717 09:50:08.704000,0,1.87,470,1.88,845,REGULAR,REGULAR,NYSE,10243
BTE,20250717 09:50:09.411000,0,1.87,470,1.88,845,REGULAR,REGULAR,NYSE,10243
BTE,20250717 09:50:09.477000,0,1.87,470,1.88,845,REGULAR,REGULAR,NYSE,10243
BTE,20250717 09:50:09.993000,0,1.87,483,1.88,845,REGULAR,REGULAR,NYSE,10243
BTE,20250717 09:50:10.122000,0,1.87,483,1.88,845,REGULAR,REGULAR,NYSE,10243
BTE,20250717 09:50:10.222000,0,1.87,483,1.88,845,REGULAR,REGULAR,NYSE,10243
BTE,20250717 09:50:10.874000,0,1.87,228,1.88,870,REGULAR,REGULAR,NYSE,10243
BTE,20250717 09:50:10.874000,0,1.87,228,1.88,870,REGULAR,REGULAR,NYSE,10243
BTE,20250717 09:50:10.874000,0,1.87,228,1.88,870,REGULAR,REGULAR,NYSE,10243
BTE,20250717 09:50:10.874000,0,1.87,228,1.88,870,REGULAR,REGULAR,NYSE,10243
BTE,20250717 09:50:10.877000,0,1.87,228,1.88,938,REGULAR,REGULAR,NYSE,10305
BTE,20250717 09:50:10.877000,0,1.87,228,1.88,938,REGULAR,REGULAR,NYSE,10305
BTE,20250717 09:50:10.877000,0,1.87,228,1.88,938,REGULAR,REGULAR,NYSE,10305
BTE,20250717 09:50:10.878000,0,1.87,228,1.88,938,REGULAR,REGULAR,NYSE,10305
BTE,20250717 09:50:10.883000,0,1.87,228,1.88,870,REGULAR,REGULAR,NYSE,10243
BTE,20250717 09:50:11.276000,0,1.87,318,1.88,870,REGULAR,REGULAR,NYSE,10243
BTE,20250717 09:50:12.206000,0,1.87,318,1.88,893,REGULAR,REGULAR,NYSE,10243
BTE,20250717 09:50:12.340000,0,1.87,318,1.88,893,REGULAR,REGULAR,NYSE,10243
BTE,20250717 09:50:14.022000,0,1.87,318,1.88,893,REGULAR,REGULAR,NYSE,10243
BTE,20250717 09:50:14.596000,0,1.87,318,1.88,893,REGULAR,REGULAR,NYSE,10243
BTE,20250717 09:50:15.395000,0,1.87,318,1.88,893,REGULAR,REGULAR,NYSE,10243
BTE,20250717 09:50:15.572000,0,1.87,318,1.88,899,REGULAR,REGULAR,NYSE,10243
BTE,20250717 09:50:18.344000,0,1.87,318,1.88,899,REGULAR,REGULAR,NYSE,10243
BTE,20250717 09:50:18.972000,0,1.87,318,1.88,899,REGULAR,REGULAR,NYSE,10243
BTE,20250717 09:50:19.086000,0,1.87,318,1.88,899,REGULAR,REGULAR,NYSE,10243
BTE,20250717 09:50:20.010000,0,1.87,318,1.88,899,REGULAR,REGULAR,NYSE,10243
BTE,20250717 09:50:20.235000,0,1.87,318,1.88,899,REGULAR,REGULAR,NYSE,10243
BTE,20250717 09:50:20.779000,0,1.87,318,1.88,899,REGULAR,REGULAR,NYSE,10243
BTE,20250717 09:50:21.348000,0,1.87,318,1.88,899,REGULAR,REGULAR,NYSE,10243
BTE,20250717 09:50:21.591000,0,1.87,318,1.88,899,REGULAR,REGULAR,NYSE,10243
BTE,20250717 09:50:22.113000,0,1.87,318,1.88,899,REGULAR,REGULAR,NYSE,10243
BTE,20250717 09:50:22.867000,0,1.87,318,1.88,899,REGULAR,REGULAR,NYSE,10243
BTE,20250717 09:50:33.305000,0,1.87,321,1.88,893,REGULAR,REGULAR,NYSE,10243
BTE,20250717 09:50:33.983000,0,1.87,321,1.88,893,REGULAR,REGULAR,NYSE,10243
BTE,20250717 09:50:43.188000,0,1.87,321,1.88,900,REGULAR,REGULAR,NYSE,10243
BTE,20250717 09:50:45.284000,0,1.87,321,1.88,900,REGULAR,REGULAR,NYSE,10243
BTE,20250717 09:50:46.554000,0,1.87,321,1.88,900,REGULAR,REGULAR,NYSE,10243
BTE,20250717 09:50:47.955000,0,1.87,321,1.88,900,REGULAR,REGULAR,NYSE,10243
BTE,20250717 09:50:50.982000,0,1.87,224,1.88,898,REGULAR,REGULAR,NYSE,10243
BTE,20250717 09:50:57.299000,0,1.87,269,1.88,880,REGULAR,REGULAR,NYSE,10243
BTE,20250717 09:50:57.414000,0,1.87,269,1.88,880,REGULAR,REGULAR,NYSE,10243
BTE,20250717 09:51:05.506000,0,1.87,314,1.88,880,REGULAR,REGULAR,NYSE,10243
BTE,20250717 09:51:07.253000,0,1.87,315,1.88,880,REGULAR,REGULAR,NYSE,10243
BTE,20250717 09:51:09.985000,0,1.87,364,1.88,880,REGULAR,REGULAR,NYSE,10243
BTE,20250717 09:51:25.207000,0,1.87,382,1.88,881,REGULAR,REGULAR,NYSE,10243
BTE,20250717 09:51:30.991000,0,1.87,382,1.88,881,REGULAR,REGULAR,NYSE,10243
BTE,20250717 09:51:31.256000,0,1.87,382,1.88,881,REGULAR,REGULAR,NYSE,10243
BTE,20250717 09:51:32.858000,0,1.87,382,1.88,881,REGULAR,REGULAR,NYSE,10243
BTE,20250717 09:51:34.300000,0,1.87,382,1.88,881,REGULAR,REGULAR,NYSE,10243
BTE,20250717 09:51:35.540000,0,1.87,382,1.88,881,REGULAR,REGULAR,NYSE,10243
BTE,20250717 09:51:38.105000,0,1.87,382,1.88,881,REGULAR,REGULAR,NYSE,10243
BTE,20250717 09:52:02.599000,0,1.87,382,1.88,948,REGULAR,REGULAR,NYSE,10243
BTE,20250717 09:52:03.889000,0,1.87,382,1.88,948,REGULAR,REGULAR,NYSE,10243
BTE,20250717 09:52:08.192000,0,1.87,583,1.88,947,REGULAR,REGULAR,NYSE,10243
BTE,20250717 09:52:22.810000,0,1.87,610,1.88,948,REGULAR,REGULAR,NYSE,10243
BTE,20250717 09:52:25.059000,0,1.87,610,1.88,948,REGULAR,REGULAR,NYSE,10243
BTE,20250717 09:52:29.244000,0,1.87,611,1.88,948,REGULAR,REGULAR,NYSE,10243
BTE,20250717 09:52:36.673000,0,1.87,447,1.88,948,REGULAR,REGULAR,NYSE,10243
BTE,20250717 09:52:37.685000,0,1.87,447,1.88,948,REGULAR,REGULAR,NYSE,10243
BTE,20250717 09:52:38.681000,0,1.87,447,1.88,888,REGULAR,REGULAR,NYSE,10243
BTE,20250717 09:52:39.676000,0,1.87,447,1.88,888,REGULAR,REGULAR,NYSE,10243
BTE,20250717 09:52:41.135000,0,1.87,447,1.88,888,REGULAR,REGULAR,NYSE,10243
BTE,20250717 09:52:41.484000,0,1.87,512,1.88,888,REGULAR,REGULAR,NYSE,10243
BTE,20250717 09:52:45.719000,0,1.87,502,1.88,888,REGULAR,REGULAR,NYSE,10243
BTE,20250717 09:52:56.212000,0,1.87,502,1.88,888,REGULAR,REGULAR,NYSE,10243
BTE,20250717 09:52:58.141000,0,1.87,447,1.88,888,REGULAR,REGULAR,NYSE,10243
BTE,20250717 09:53:09.168000,0,1.87,447,1.88,888,REGULAR,REGULAR,NYSE,10243
BTE,20250717 09:53:14.980000,0,1.87,447,1.88,896,REGULAR,REGULAR,NYSE,10243
BTE,20250717 09:53:15.003000,0,1.87,447,1.88,896,REGULAR,REGULAR,NYSE,10243
BTE,20250717 09:53:34.776000,0,1.87,605,1.88,833,REGULAR,REGULAR,NYSE,10243
BTE,20250717 09:53:34.776000,0,1.87,605,1.88,833,REGULAR,REGULAR,NYSE,10243
BTE,20250717 09:53:36.483000,0,1.87,605,1.88,833,REGULAR,REGULAR,NYSE,10243
BTE,20250717 09:53:37.039000,0,1.87,605,1.88,833,REGULAR,REGULAR,NYSE,10243
BTE,20250717 09:53:38.203000,0,1.87,605,1.88,833,REGULAR,REGULAR,NYSE,10243
BTE,20250717 09:53:48.931000,0,1.87,605,1.88,833,REGULAR,REGULAR,NYSE,10243
BTE,20250717 09:53:48.931000,0,1.87,605,1.88,833,REGULAR,REGULAR,NYSE,10243
BTE,20250717 09:53:58.026000,0,1.87,606,1.88,833,REGULAR,REGULAR,NYSE,10243
BTE,20250717 09:54:11.953000,0,1.87,672,1.88,733,REGULAR,REGULAR,NYSE,10243
BTE,20250717 09:54:14.072000,0,1.87,670,1.88,782,REGULAR,REGULAR,NYSE,10243
BTE,20250717 09:54:21.262000,0,1.87,611,1.88,782,REGULAR,REGULAR,NYSE,10243
BTE,20250717 09:54:39.260000,0,1.87,611,1.88,845,REGULAR,REGULAR,NYSE,10243
BTE,20250717 09:54:43.703000,0,1.87,611,1.88,782,REGULAR,REGULAR,NYSE,10243
BTE,20250717 09:54:46.109000,0,1.87,611,1.88,782,REGULAR,REGULAR,NYSE,10243
BTE,20250717 09:54:48.505000,0,1.87,611,1.88,782,REGULAR,REGULAR,NYSE,10243
BTE,20250717 09:55:28.141000,0,1.87,586,1.88,835,REGULAR,REGULAR,NYSE,10243
BTE,20250717 09:55:30.320000,0,1.87,610,1.88,835,REGULAR,REGULAR,NYSE,10243
BTE,20250717 09:55:30.448000,0,1.87,610,1.88,835,REGULAR,REGULAR,NYSE,10243
BTE,20250717 09:55:33.562000,0,1.87,611,1.88,782,REGULAR,REGULAR,NYSE,10243
BTE,20250717 09:55:43.006000,0,1.87,610,1.88,837,REGULAR,REGULAR,NYSE,10243
BTE,20250717 09:55:58.146000,0,1.87,576,1.88,837,REGULAR,REGULAR,NYSE,10243
BTE,20250717 09:56:08.617000,0,1.87,514,1.88,837,REGULAR,REGULAR,NYSE,10243
BTE,20250717 09:56:24.921000,0,1.87,521,1.88,837,REGULAR,REGULAR,NYSE,10243
BTE,20250717 09:56:27.929000,0,1.87,514,1.88,842,REGULAR,REGULAR,NYSE,10243
BTE,20250717 09:56:31.747000,0,1.87,514,1.88,842,REGULAR,REGULAR,NYSE,10243
BTE,20250717 09:56:31.901000,0,1.87,514,1.88,842,REGULAR,REGULAR,NYSE,10243
BTE,20250717 09:56:46.100000,0,1.87,513,1.88,843,REGULAR,REGULAR,NYSE,10243
BTE,20250717 09:56:48.341000,0,1.87,513,1.88,843,REGULAR,REGULAR,NYSE,10243
BTE,20250717 09:56:49.606000,0,1.87,513,1.88,843,REGULAR,REGULAR,NYSE,10243
BTE,20250717 09:56:53.848000,0,1.87,519,1.88,842,REGULAR,REGULAR,NYSE,10243
BTE,20250717 09:56:58.976000,0,1.87,447,1.88,698,REGULAR,REGULAR,NYSE,10247
BTE,20250717 09:57:02.690000,0,1.87,507,1.88,842,REGULAR,REGULAR,NYSE,10243
BTE,20250717 09:57:16.940000,0,1.87,447,1.88,842,REGULAR,REGULAR,NYSE,10243
BTE,20250717 09:57:29.136000,0,1.87,408,1.88,807,REGULAR,REGULAR,NYSE,10243
BTE,20250717 09:57:29.165000,0,1.87,408,1.88,807,REGULAR,REGULAR,NYSE,10243
BTE,20250717 09:57:45.655000,0,1.87,466,1.88,870,REGULAR,REGULAR,NYSE,10243
BTE,20250717 09:57:51.084000,0,1.87,466,1.88,870,REGULAR,REGULAR,NYSE,10243
BTE,20250717 09:57:51.838000,0,1.87,466,1.88,870,REGULAR,REGULAR,NYSE,10243
BTE,20250717 09:57:56.390000,0,1.87,408,1.88,869,REGULAR,REGULAR,NYSE,10243
BTE,20250717 09:57:57.527000,0,1.87,408,1.88,869,REGULAR,REGULAR,NYSE,10243
BTE,20250717 09:58:03.877000,0,1.87,408,1.88,869,REGULAR,REGULAR,NYSE,10243
BTE,20250717 09:58:15.634000,0,1.87,470,1.88,869,REGULAR,REGULAR,NYSE,10243
BTE,20250717 09:58:19.193000,0,1.87,408,1.88,869,REGULAR,REGULAR,NYSE,10243
BTE,20250717 09:58:29.913000,0,1.87,408,1.88,868,REGULAR,REGULAR,NYSE,10243
BTE,20250717 09:58:34.852000,0,1.87,408,1.88,868,REGULAR,REGULAR,NYSE,10243
BTE,20250717 09:58:35.639000,0,1.87,408,1.88,868,REGULAR,REGULAR,NYSE,10243
BTE,20250717 09:58:39.593000,0,1.87,408,1.88,868,REGULAR,REGULAR,NYSE,10243
BTE,20250717 09:58:40.624000,0,1.87,408,1.88,868,REGULAR,REGULAR,NYSE,10243
BTE,20250717 09:58:51.182000,0,1.87,409,1.88,868,REGULAR,REGULAR,NYSE,10243
BTE,20250717 09:58:54.318000,0,1.87,409,1.88,868,REGULAR,REGULAR,NYSE,10243
BTE,20250717 09:59:01.150000,0,1.87,409,1.88,868,REGULAR,REGULAR,NYSE,10243
BTE,20250717 09:59:02.073000,0,1.87,408,1.88,975,REGULAR,REGULAR,NYSE,10243
BTE,20250717 09:59:25.759000,0,1.87,408,1.88,875,REGULAR,REGULAR,NYSE,10243
BTE,20250717 09:59:28.233000,0,1.87,408,1.88,875,REGULAR,REGULAR,NYSE,10243
BTE,20250717 09:59:33.643000,0,1.87,408,1.88,712,REGULAR,REGULAR,NYSE,10243
BTE,20250717 09:59:36.330000,0,1.87,408,1.88,712,REGULAR,REGULAR,NYSE,10243
BTE,20250717 09:59:42.937000,0,1.87,470,1.88,712,REGULAR,REGULAR,NYSE,10243
BTE,20250717 09:59:43.628000,0,1.87,408,1.88,624,REGULAR,REGULAR,NYSE,10247
BTE,20250717 09:59:50.625000,0,1.87,407,1.88,718,REGULAR,REGULAR,NYSE,10243
BTE,20250717 09:59:54.206000,0,1.87,407,1.88,624,REGULAR,REGULAR,NYSE,10247
BTE,20250717 10:00:02.614000,0,1.87,407,1.88,624,REGULAR,REGULAR,NYSE,10247
BTE,20250717 10:00:04.866000,0,1.87,407,1.88,624,REGULAR,REGULAR,NYSE,10247
BTE,20250717 10:00:05.261000,0,1.87,407,1.88,624,REGULAR,REGULAR,NYSE,10247
BTE,20250717 10:00:05.651000,0,1.87,407,1.88,624,REGULAR,REGULAR,NYSE,10247
BTE,20250717 10:00:05.951000,0,1.87,407,1.88,624,REGULAR,REGULAR,NYSE,10247
BTE,20250717 10:00:10.380000,0,1.87,407,1.88,624,REGULAR,REGULAR,NYSE,10247
BTE,20250717 10:00:15.174000,0,1.87,407,1.88,624,REGULAR,REGULAR,NYSE,10247
BTE,20250717 10:00:22.693000,0,1.87,407,1.88,624,REGULAR,REGULAR,NYSE,10247
BTE,20250717 10:00:28.880000,0,1.87,407,1.88,624,REGULAR,REGULAR,NYSE,10247
BTE,20250717 10:00:34.676000,0,1.87,448,1.88,712,REGULAR,REGULAR,NYSE,10243
BTE,20250717 10:00:42.274000,0,1.87,448,1.88,712,REGULAR,REGULAR,NYSE,10243
BTE,20250717 10:00:43.221000,0,1.87,448,1.88,712,REGULAR,REGULAR,NYSE,10243
BTE,20250717 10:00:44.906000,0,1.87,448,1.88,712,REGULAR,REGULAR,NYSE,10243
BTE,20250717 10:00:53.347000,0,1.87,548,1.88,712,REGULAR,REGULAR,NYSE,10243
BTE,20250717 10:01:03.303000,0,1.87,448,1.88,875,REGULAR,REGULAR,NYSE,10243
BTE,20250717 10:01:06.229000,0,1.87,448,1.88,875,REGULAR,REGULAR,NYSE,10243
BTE,20250717 10:01:15.694000,0,1.87,448,1.88,875,REGULAR,REGULAR,NYSE,10243
BTE,20250717 10:01:22.117000,0,1.87,448,1.88,875,REGULAR,REGULAR,NYSE,10243
BTE,20250717 10:01:29.500000,0,1.87,448,1.88,875,REGULAR,REGULAR,NYSE,10243
BTE,20250717 10:01:30.454000,0,1.87,448,1.88,875,REGULAR,REGULAR,NYSE,10243
BTE,20250717 10:01:33.438000,0,1.87,448,1.88,875,REGULAR,REGULAR,NYSE,10243
BTE,20250717 10:01:33.991000,0,1.87,448,1.88,812,REGULAR,REGULAR,NYSE,10243
BTE,20250717 10:01:34.424000,0,1.87,448,1.88,812,REGULAR,REGULAR,NYSE,10243
BTE,20250717 10:01:35.298000,0,1.87,448,1.88,812,REGULAR,REGULAR,NYSE,10243
BTE,20250717 10:01:41.421000,0,1.87,448,1.88,820,REGULAR,REGULAR,NYSE,10243
BTE,20250717 10:01:46.064000,0,1.87,448,1.88,821,REGULAR,REGULAR,NYSE,10243
BTE,20250717 10:01:46.292000,0,1.87,448,1.88,821,REGULAR,REGULAR,NYSE,10243
BTE,20250717 10:01:47.744000,0,1.87,448,1.88,814,REGULAR,REGULAR,NYSE,10243
BTE,20250717 10:01:47.860000,0,1.87,448,1.88,814,REGULAR,REGULAR,NYSE,10243
BTE,20250717 10:01:47.860000,0,1.87,448,1.88,814,REGULAR,REGULAR,NYSE,10243
BTE,20250717 10:01:47.860000,0,1.87,448,1.88,814,REGULAR,REGULAR,NYSE,10243
BTE,20250717 10:01:51.887000,0,1.87,448,1.88,814,REGULAR,REGULAR,NYSE,10243
BTE,20250717 10:01:59.895000,0,1.87,518,1.88,766,REGULAR,REGULAR,NYSE,10243
BTE,20250717 10:02:00.902000,0,1.87,681,1.88,766,REGULAR,REGULAR,NYSE,10243
BTE,20250717 10:02:01.318000,0,1.87,684,1.88,766,REGULAR,REGULAR,NYSE,10243
BTE,20250717 10:02:03.660000,0,1.87,685,1.88,766,REGULAR,REGULAR,NYSE,10243
BTE,20250717 10:02:03.662000,0,1.87,685,1.88,766,REGULAR,REGULAR,NYSE,10243
BTE,20250717 10:02:03.665000,0,1.87,685,1.88,766,REGULAR,REGULAR,NYSE,10243
BTE,20250717 10:02:03.667000,0,1.87,685,1.88,766,REGULAR,REGULAR,NYSE,10243
BTE,20250717 10:02:03.672000,0,1.87,685,1.88,766,REGULAR,REGULAR,NYSE,10243
BTE,20250717 10:02:03.675000,0,1.87,685,1.88,766,REGULAR,REGULAR,NYSE,10243
BTE,20250717 10:02:03.677000,0,1.87,685,1.88,766,REGULAR,REGULAR,NYSE,10243
BTE,20250717 10:02:03.679000,0,1.87,685,1.88,766,REGULAR,REGULAR,NYSE,10243
BTE,20250717 10:02:03.682000,0,1.87,685,1.88,766,REGULAR,REGULAR,NYSE,10243
BTE,20250717 10:02:03.684000,0,1.87,685,1.88,766,REGULAR,REGULAR,NYSE,10243
BTE,20250717 10:02:03.686000,0,1.87,685,1.88,766,REGULAR,REGULAR,NYSE,10243
BTE,20250717 10:02:03.688000,0,1.87,685,1.88,766,REGULAR,REGULAR,NYSE,10243
BTE,20250717 10:02:03.690000,0,1.87,685,1.88,766,REGULAR,REGULAR,NYSE,10243
BTE,20250717 10:02:03.692000,0,1.87,685,1.88,766,REGULAR,REGULAR,NYSE,10243
BTE,20250717 10:02:09.162000,0,1.87,619,1.88,824,REGULAR,REGULAR,NYSE,10243
BTE,20250717 10:02:11.241000,0,1.87,620,1.88,766,REGULAR,REGULAR,NYSE,10243
BTE,20250717 10:02:11.581000,0,1.87,620,1.88,766,REGULAR,REGULAR,NYSE,10243
BTE,20250717 10:02:17.140000,0,1.87,620,1.88,827,REGULAR,REGULAR,NYSE,10243
BTE,20250717 10:02:17.809000,0,1.87,620,1.88,827,REGULAR,REGULAR,NYSE,10243
BTE,20250717 10:02:28.223000,0,1.87,619,1.88,819,REGULAR,REGULAR,NYSE,10243
BTE,20250717 10:02:28.491000,0,1.87,620,1.88,819,REGULAR,REGULAR,NYSE,10243
BTE,20250717 10:02:34.019000,0,1.87,684,1.88,538,REGULAR,REGULAR,NYSE,10243
BTE,20250717 10:02:34.019000,0,1.87,684,1.88,538,REGULAR,REGULAR,NYSE,10243
BTE,20250717 10:02:34.019000,0,1.87,684,1.88,538,REGULAR,REGULAR,NYSE,10243
BTE,20250717 10:02:34.019000,0,1.87,684,1.88,538,REGULAR,REGULAR,NYSE,10243
BTE,20250717 10:02:34.019000,0,1.87,684,1.88,538,REGULAR,REGULAR,NYSE,10243
BTE,20250717 10:02:34.019000,0,1.87,684,1.88,538,REGULAR,REGULAR,NYSE,10243
BTE,20250717 10:02:34.019000,0,1.87,684,1.88,538,REGULAR,REGULAR,NYSE,10243
BTE,20250717 10:02:34.019000,0,1.87,684,1.88,538,REGULAR,REGULAR,NYSE,10243
BTE,20250717 10:02:34.019000,0,1.87,684,1.88,538,REGULAR,REGULAR,NYSE,10243
BTE,20250717 10:02:34.019000,0,1.87,684,1.88,538,REGULAR,REGULAR,NYSE,10243
BTE,20250717 10:02:34.019000,0,1.87,684,1.88,538,REGULAR,REGULAR,NYSE,10243
BTE,20250717 10:02:34.020000,0,1.87,684,1.88,538,REGULAR,REGULAR,NYSE,10243
BTE,20250717 10:02:34.330000,0,1.87,684,1.88,777,REGULAR,REGULAR,NYSE,10243
BTE,20250717 10:02:35.229000,0,1.87,684,1.88,777,REGULAR,REGULAR,NYSE,10243
BTE,20250717 10:02:35.743000,0,1.87,684,1.88,825,REGULAR,REGULAR,NYSE,10243
BTE,20250717 10:02:41.773000,0,1.87,684,1.88,867,REGULAR,REGULAR,NYSE,10243
BTE,20250717 10:02:42.668000,0,1.87,684,1.88,890,REGULAR,REGULAR,NYSE,10243
BTE,20250717 10:02:44.363000,0,1.87,683,1.88,832,REGULAR,REGULAR,NYSE,10243
BTE,20250717 10:02:52.666000,0,1.87,678,1.88,832,REGULAR,REGULAR,NYSE,10243
BTE,20250717 10:02:54.387000,0,1.87,678,1.88,832,REGULAR,REGULAR,NYSE,10243
BTE,20250717 10:02:58.862000,0,1.87,517,1.88,892,REGULAR,REGULAR,NYSE,10243
BTE,20250717 10:02:58.862000,0,1.87,517,1.88,892,REGULAR,REGULAR,NYSE,10243
BTE,20250717 10:03:01.083000,0,1.87,517,1.88,832,REGULAR,REGULAR,NYSE,10243
BTE,20250717 10:03:10.840000,0,1.87,681,1.88,832,REGULAR,REGULAR,NYSE,10243
BTE,20250717 10:03:11.916000,0,1.87,681,1.88,832,REGULAR,REGULAR,NYSE,10243
BTE,20250717 10:03:15.100000,0,1.87,682,1.88,833,REGULAR,REGULAR,NYSE,10243
BTE,20250717 10:03:18.785000,0,1.87,682,1.88,833,REGULAR,REGULAR,NYSE,10243
BTE,20250717 10:03:20.465000,0,1.87,682,1.88,833,REGULAR,REGULAR,NYSE,10243
BTE,20250717 10:03:23.628000,0,1.87,682,1.88,833,REGULAR,REGULAR,NYSE,10243
BTE,20250717 10:03:23.633000,0,1.87,682,1.88,833,REGULAR,REGULAR,NYSE,10243
BTE,20250717 10:03:23.636000,0,1.87,682,1.88,833,REGULAR,REGULAR,NYSE,10243
BTE,20250717 10:03:23.636000,0,1.87,682,1.88,833,REGULAR,REGULAR,NYSE,10243
BTE,20250717 10:03:23.636000,0,1.87,682,1.88,833,REGULAR,REGULAR,NYSE,10243
BTE,20250717 10:03:23.636000,0,1.87,682,1.88,833,REGULAR,REGULAR,NYSE,10243
BTE,20250717 10:03:23.636000,0,1.87,682,1.88,833,REGULAR,REGULAR,NYSE,10243
BTE,20250717 10:03:23.636000,0,1.87,682,1.88,833,REGULAR,REGULAR,NYSE,10243
BTE,20250717 10:03:23.636000,0,1.87,682,1.88,833,REGULAR,REGULAR,NYSE,10243
BTE,20250717 10:03:23.636000,0,1.87,682,1.88,833,REGULAR,REGULAR,NYSE,10243
BTE,20250717 10:03:23.637000,0,1.87,682,1.88,833,REGULAR,REGULAR,NYSE,10243
BTE,20250717 10:03:23.637000,0,1.87,682,1.88,833,REGULAR,REGULAR,NYSE,10243
BTE,20250717 10:03:23.637000,0,1.87,682,1.88,833,REGULAR,REGULAR,NYSE,10243
BTE,20250717 10:03:23.637000,0,1.87,682,1.88,833,REGULAR,REGULAR,NYSE,10243
BTE,20250717 10:03:23.639000,0,1.87,682,1.88,833,REGULAR,REGULAR,NYSE,10243
BTE,20250717 10:03:23.642000,0,1.87,682,1.88,833,REGULAR,REGULAR,NYSE,10243
BTE,20250717 10:03:23.642000,0,1.87,682,1.88,833,REGULAR,REGULAR,NYSE,10243
BTE,20250717 10:03:23.987000,0,1.87,682,1.88,833,REGULAR,REGULAR,NYSE,10243
BTE,20250717 10:03:27.231000,0,1.87,682,1.88,833,REGULAR,REGULAR,NYSE,10243
BTE,20250717 10:03:29.028000,0,1.87,682,1.88,833,REGULAR,REGULAR,NYSE,10243
BTE,20250717 10:03:33.610000,0,1.87,682,1.88,833,REGULAR,REGULAR,NYSE,10243
BTE,20250717 10:03:33.610000,0,1.87,682,1.88,833,REGULAR,REGULAR,NYSE,10243
BTE,20250717 10:03:34.059000,0,1.87,682,1.88,833,REGULAR,REGULAR,NYSE,10243
BTE,20250717 10:03:38.017000,0,1.87,682,1.88,833,REGULAR,REGULAR,NYSE,10243
BTE,20250717 10:03:40.093000,0,1.87,682,1.88,833,REGULAR,REGULAR,NYSE,10243
BTE,20250717 10:03:46.129000,0,1.87,682,1.88,833,REGULAR,REGULAR,NYSE,10243
BTE,20250717 10:03:50.661000,0,1.87,682,1.88,833,REGULAR,REGULAR,NYSE,10243
BTE,20250717 10:03:50.665000,0,1.87,682,1.88,833,REGULAR,REGULAR,NYSE,10243
BTE,20250717 10:03:52.162000,0,1.87,682,1.88,833,REGULAR,REGULAR,NYSE,10243
BTE,20250717 10:03:57.839000,0,1.87,682,1.88,833,REGULAR,REGULAR,NYSE,10243
BTE,20250717 10:03:58.189000,0,1.87,682,1.88,833,REGULAR,REGULAR,NYSE,10243
BTE,20250717 10:03:58.339000,0,1.87,682,1.88,833,REGULAR,REGULAR,NYSE,10243
BTE,20250717 10:04:00.195000,0,1.87,682,1.88,833,REGULAR,REGULAR,NYSE,10243
BTE,20250717 10:04:00.199000,0,1.87,682,1.88,833,REGULAR,REGULAR,NYSE,10243
BTE,20250717 10:04:04.033000,0,1.87,682,1.88,833,REGULAR,REGULAR,NYSE,10243
BTE,20250717 10:04:05.776000,0,1.87,682,1.88,833,REGULAR,REGULAR,NYSE,10243
BTE,20250717 10:04:13.249000,0,1.87,682,1.88,833,REGULAR,REGULAR,NYSE,10243
BTE,20250717 10:04:28.491000,0,1.87,675,1.88,833,REGULAR,REGULAR,NYSE,10243
BTE,20250717 10:04:28.491000,0,1.87,675,1.88,833,REGULAR,REGULAR,NYSE,10243
BTE,20250717 10:04:37.216000,0,1.87,457,1.88,893,REGULAR,REGULAR,NYSE,10243
BTE,20250717 10:04:37.917000,0,1.87,457,1.88,893,REGULAR,REGULAR,NYSE,10243
BTE,20250717 10:04:39.626000,0,1.87,457,1.88,893,REGULAR,REGULAR,NYSE,10243
BTE,20250717 10:04:39.702000,0,1.87,457,1.88,893,REGULAR,REGULAR,NYSE,10243
BTE,20250717 10:04:39.815000,0,1.87,457,1.88,893,REGULAR,REGULAR,NYSE,10243
BTE,20250717 10:04:39.835000,0,1.87,457,1.88,893,REGULAR,REGULAR,NYSE,10243
BTE,20250717 10:04:41.292000,0,1.87,457,1.88,893,REGULAR,REGULAR,NYSE,10243
BTE,20250717 10:04:43.152000,0,1.87,457,1.88,1112,REGULAR,REGULAR,NYSE,10243
BTE,20250717 10:04:44.888000,0,1.87,457,1.88,1112,REGULAR,REGULAR,NYSE,10243
BTE,20250717 10:04:45.091000,0,1.87,457,1.88,1112,REGULAR,REGULAR,NYSE,10243
BTE,20250717 10:04:45.143000,0,1.87,457,1.88,1112,REGULAR,REGULAR,NYSE,10243
BTE,20250717 10:04:45.271000,0,1.87,457,1.88,1112,REGULAR,REGULAR,NYSE,10243
BTE,20250717 10:04:46.647000,0,1.87,457,1.88,1112,REGULAR,REGULAR,NYSE,10243
BTE,20250717 10:04:47.294000,0,1.87,457,1.88,893,REGULAR,REGULAR,NYSE,10243
BTE,20250717 10:04:47.294000,0,1.87,457,1.88,893,REGULAR,REGULAR,NYSE,10243
BTE,20250717 10:04:49.314000,0,1.87,457,1.88,893,REGULAR,REGULAR,NYSE,10243
BTE,20250717 10:04:50.932000,0,1.87,457,1.88,893,REGULAR,REGULAR,NYSE,10243
BTE,20250717 10:04:53.190000,0,1.87,457,1.88,892,REGULAR,REGULAR,NYSE,10243
BTE,20250717 10:04:59.198000,0,1.87,457,1.88,892,REGULAR,REGULAR,NYSE,10243
BTE,20250717 10:05:01.054000,0,1.87,457,1.88,892,REGULAR,REGULAR,NYSE,10243
BTE,20250717 10:05:10.248000,0,1.87,507,1.88,892,REGULAR,REGULAR,NYSE,10243
BTE,20250717 10:05:13.315000,0,1.87,507,1.88,892,REGULAR,REGULAR,NYSE,10243
BTE,20250717 10:05:16.342000,0,1.87,457,1.88,892,REGULAR,REGULAR,NYSE,10243
BTE,20250717 10:05:16.376000,0,1.87,457,1.88,892,REGULAR,REGULAR,NYSE,10243
BTE,20250717 10:05:16.850000,0,1.87,457,1.88,892,REGULAR,REGULAR,NYSE,10243
BTE,20250717 10:05:18.508000,0,1.87,457,1.88,892,REGULAR,REGULAR,NYSE,10243
BTE,20250717 10:05:21.154000,0,1.87,457,1.88,892,REGULAR,REGULAR,NYSE,10243
BTE,20250717 10:05:32.823000,0,1.87,416,1.88,892,REGULAR,REGULAR,NYSE,10243
BTE,20250717 10:05:44.411000,0,1.87,416,1.88,1137,REGULAR,REGULAR,NYSE,10243
BTE,20250717 10:05:46.076000,0,1.87,462,1.88,892,REGULAR,REGULAR,NYSE,10243
BTE,20250717 10:05:52.487000,0,1.87,417,1.88,892,REGULAR,REGULAR,NYSE,10243
BTE,20250717 10:05:53.899000,0,1.87,417,1.88,892,REGULAR,REGULAR,NYSE,10243
BTE,20250717 10:05:56.010000,0,1.87,417,1.88,892,REGULAR,REGULAR,NYSE,10243
BTE,20250717 10:06:07.458000,0,1.87,460,1.88,941,REGULAR,REGULAR,NYSE,10243
BTE,20250717 10:06:14.316000,0,1.87,501,1.88,941,REGULAR,REGULAR,NYSE,10243
BTE,20250717 10:06:14.317000,0,1.87,501,1.88,941,REGULAR,REGULAR,NYSE,10243
BTE,20250717 10:06:26.813000,0,1.87,738,1.88,941,REGULAR,REGULAR,NYSE,10243
BTE,20250717 10:06:49.277000,0,1.87,805,1.88,941,REGULAR,REGULAR,NYSE,10243
BTE,20250717 10:06:50.579000,0,1.87,865,1.88,882,REGULAR,REGULAR,NYSE,10243
BTE,20250717 10:06:53.227000,0,1.87,866,1.88,882,REGULAR,REGULAR,NYSE,10243
BTE,20250717 10:06:55.607000,0,1.87,866,1.88,882,REGULAR,REGULAR,NYSE,10243
BTE,20250717 10:06:58.970000,0,1.87,865,1.88,908,REGULAR,REGULAR,NYSE,10243
BTE,20250717 10:07:00.175000,0,1.87,865,1.88,908,REGULAR,REGULAR,NYSE,10243
BTE,20250717 10:07:05.213000,0,1.87,872,1.88,948,REGULAR,REGULAR,NYSE,10243
BTE,20250717 10:07:05.913000,0,1.87,872,1.88,889,REGULAR,REGULAR,NYSE,10243
BTE,20250717 10:07:21.745000,0,1.87,688,1.88,952,REGULAR,REGULAR,NYSE,10243
BTE,20250717 10:07:25.684000,0,1.87,688,1.88,952,REGULAR,REGULAR,NYSE,10243
BTE,20250717 10:07:32.956000,0,1.87,748,1.88,952,REGULAR,REGULAR,NYSE,10243
BTE,20250717 10:07:34.615000,0,1.87,753,1.88,952,REGULAR,REGULAR,NYSE,10243
BTE,20250717 10:07:35.334000,0,1.87,753,1.88,889,REGULAR,REGULAR,NYSE,10243
BTE,20250717 10:07:37.853000,0,1.87,753,1.88,889,REGULAR,REGULAR,NYSE,10243
BTE,20250717 10:07:39.657000,0,1.87,753,1.88,889,REGULAR,REGULAR,NYSE,10243
BTE,20250717 10:07:39.900000,0,1.87,753,1.88,889,REGULAR,REGULAR,NYSE,10243
BTE,20250717 10:07:43.597000,0,1.87,753,1.88,889,REGULAR,REGULAR,NYSE,10243
BTE,20250717 10:07:50.877000,0,1.87,746,1.88,889,REGULAR,REGULAR,NYSE,10243
BTE,20250717 10:07:56.127000,0,1.87,688,1.88,947,REGULAR,REGULAR,NYSE,10243
BTE,20250717 10:07:57.693000,0,1.87,688,1.88,947,REGULAR,REGULAR,NYSE,10243
BTE,20250717 10:07:59.225000,0,1.87,688,1.88,947,REGULAR,REGULAR,NYSE,10243
BTE,20250717 10:08:01.593000,0,1.87,688,1.88,947,REGULAR,REGULAR,NYSE,10243
BTE,20250717 10:08:02.599000,0,1.87,688,1.88,947,REGULAR,REGULAR,NYSE,10243
BTE,20250717 10:08:05.534000,0,1.87,688,1.88,889,REGULAR,REGULAR,NYSE,10243
BTE,20250717 10:08:06.232000,0,1.87,688,1.88,952,REGULAR,REGULAR,NYSE,10243
BTE,20250717 10:08:07.551000,0,1.87,688,1.88,952,REGULAR,REGULAR,NYSE,10243
BTE,20250717 10:08:11.911000,0,1.87,688,1.88,952,REGULAR,REGULAR,NYSE,10243
BTE,20250717 10:08:12.835000,0,1.87,809,1.88,952,REGULAR,REGULAR,NYSE,10243
BTE,20250717 10:08:14.495000,0,1.87,809,1.88,978,REGULAR,REGULAR,NYSE,10243
BTE,20250717 10:08:35.515000,0,1.87,641,1.88,978,REGULAR,REGULAR,NYSE,10243
BTE,20250717 10:08:38.091000,0,1.87,641,1.88,978,REGULAR,REGULAR,NYSE,10243
BTE,20250717 10:08:40.067000,0,1.87,641,1.88,978,REGULAR,REGULAR,NYSE,10243
BTE,20250717 10:08:40.896000,0,1.87,684,1.88,978,REGULAR,REGULAR,NYSE,10243
BTE,20250717 10:08:42.428000,0,1.87,684,1.88,978,REGULAR,REGULAR,NYSE,10243
BTE,20250717 10:08:46.780000,0,1.87,684,1.88,978,REGULAR,REGULAR,NYSE,10243
BTE,20250717 10:08:49.115000,0,1.87,684,1.88,978,REGULAR,REGULAR,NYSE,10243
BTE,20250717 10:08:54.749000,0,1.87,684,1.88,978,REGULAR,REGULAR,NYSE,10243
BTE,20250717 10:08:54.750000,0,1.87,684,1.88,978,REGULAR,REGULAR,NYSE,10243
BTE,20250717 10:09:04.391000,0,1.87,738,1.88,889,REGULAR,REGULAR,NYSE,10243
BTE,20250717 10:09:07.756000,0,1.87,684,1.88,947,REGULAR,REGULAR,NYSE,10243
BTE,20250717 10:09:12.264000,0,1.87,743,1.88,889,REGULAR,REGULAR,NYSE,10243
BTE,20250717 10:09:19.155000,0,1.87,742,1.88,889,REGULAR,REGULAR,NYSE,10243
BTE,20250717 10:09:22.819000,0,1.87,742,1.88,889,REGULAR,REGULAR,NYSE,10243
BTE,20250717 10:09:27.599000,0,1.87,867,1.88,889,REGULAR,REGULAR,NYSE,10243
BTE,20250717 10:09:27.824000,0,1.87,906,1.88,889,REGULAR,REGULAR,NYSE,10243
BTE,20250717 10:09:35.372000,0,1.87,906,1.88,889,REGULAR,REGULAR,NYSE,10243
BTE,20250717 10:09:47.820000,0,1.87,802,1.88,889,REGULAR,REGULAR,NYSE,10243
BTE,20250717 10:09:48.360000,0,1.87,802,1.88,889,REGULAR,REGULAR,NYSE,10243
BTE,20250717 10:09:57.140000,0,1.87,1016,1.88,834,REGULAR,REGULAR,NYSE,10243
BTE,20250717 10:09:57.140000,0,1.87,1016,1.88,834,REGULAR,REGULAR,NYSE,10243
BTE,20250717 10:09:57.140000,0,1.87,1016,1.88,834,REGULAR,REGULAR,NYSE,10243
BTE,20250717 10:09:57.140000,0,1.87,1016,1.88,834,REGULAR,REGULAR,NYSE,10243
BTE,20250717 10:09:57.140000,0,1.87,1016,1.88,834,REGULAR,REGULAR,NYSE,10243
BTE,20250717 10:09:57.140000,0,1.87,1016,1.88,834,REGULAR,REGULAR,NYSE,10243
BTE,20250717 10:09:57.140000,0,1.87,1016,1.88,834,REGULAR,REGULAR,NYSE,10243
BTE,20250717 10:09:57.140000,0,1.87,1016,1.88,834,REGULAR,REGULAR,NYSE,10243
BTE,20250717 10:09:57.140000,0,1.87,1016,1.88,834,REGULAR,REGULAR,NYSE,10243
BTE,20250717 10:09:57.140000,0,1.87,1016,1.88,834,REGULAR,REGULAR,NYSE,10243
BTE,20250717 10:09:57.140000,0,1.87,1016,1.88,834,REGULAR,REGULAR,NYSE,10243
BTE,20250717 10:09:57.140000,0,1.87,1016,1.88,834,REGULAR,REGULAR,NYSE,10243
BTE,20250717 10:09:57.140000,0,1.87,1016,1.88,834,REGULAR,REGULAR,NYSE,10243
BTE,20250717 10:09:57.140000,0,1.87,1016,1.88,834,REGULAR,REGULAR,NYSE,10243
BTE,20250717 10:09:57.140000,0,1.87,1016,1.88,834,REGULAR,REGULAR,NYSE,10243
BTE,20250717 10:09:57.140000,0,1.87,1016,1.88,834,REGULAR,REGULAR,NYSE,10243
BTE,20250717 10:09:57.140000,0,1.87,1016,1.88,834,REGULAR,REGULAR,NYSE,10243
BTE,20250717 10:09:57.140000,0,1.87,1016,1.88,834,REGULAR,REGULAR,NYSE,10243
BTE,20250717 10:09:57.140000,0,1.87,1016,1.88,834,REGULAR,REGULAR,NYSE,10243
BTE,20250717 10:09:57.140000,0,1.87,1016,1.88,834,REGULAR,REGULAR,NYSE,10243
BTE,20250717 10:09:57.140000,0,1.87,1016,1.88,834,REGULAR,REGULAR,NYSE,10243
BTE,20250717 10:09:57.140000,0,1.87,1016,1.88,834,REGULAR,REGULAR,NYSE,10243
BTE,20250717 10:09:57.140000,0,1.87,1016,1.88,834,REGULAR,REGULAR,NYSE,10243
BTE,20250717 10:10:00.199000,0,1.87,905,1.88,834,REGULAR,REGULAR,NYSE,10243
BTE,20250717 10:10:01.287000,0,1.87,905,1.88,834,REGULAR,REGULAR,NYSE,10243
BTE,20250717 10:10:05.918000,0,1.87,905,1.88,894,REGULAR,REGULAR,NYSE,10243
BTE,20250717 10:10:05.946000,0,1.87,905,1.88,894,REGULAR,REGULAR,NYSE,10243
BTE,20250717 10:10:06.699000,0,1.87,905,1.88,894,REGULAR,REGULAR,NYSE,10243
BTE,20250717 10:10:12.732000,0,1.87,905,1.88,894,REGULAR,REGULAR,NYSE,10243
BTE,20250717 10:10:15.695000,0,1.87,905,1.88,894,REGULAR,REGULAR,NYSE,10243
BTE,20250717 10:10:21.883000,0,1.87,799,1.88,894,REGULAR,REGULAR,NYSE,10243
BTE,20250717 10:10:24.312000,0,1.87,742,1.88,731,REGULAR,REGULAR,NYSE,10243
BTE,20250717 10:11:01.992000,0,1.87,1195,1.88,517,REGULAR,REGULAR,NYSE,10247
BTE,20250717 10:11:01.992000,0,1.87,1195,1.88,517,REGULAR,REGULAR,NYSE,10247
BTE,20250717 10:11:01.992000,0,1.87,1195,1.88,517,REGULAR,REGULAR,NYSE,10247
BTE,20250717 10:11:01.992000,0,1.87,1195,1.88,517,REGULAR,REGULAR,NYSE,10247
BTE,20250717 10:11:01.992000,0,1.87,1195,1.88,517,REGULAR,REGULAR,NYSE,10247
BTE,20250717 10:11:01.992000,0,1.87,1195,1.88,517,REGULAR,REGULAR,NYSE,10247
BTE,20250717 10:11:01.992000,0,1.87,1195,1.88,517,REGULAR,REGULAR,NYSE,10247
BTE,20250717 10:11:01.992000,0,1.87,1195,1.88,517,REGULAR,REGULAR,NYSE,10247
BTE,20250717 10:11:01.992000,0,1.87,1195,1.88,517,REGULAR,REGULAR,NYSE,10247
BTE,20250717 10:11:01.992000,0,1.87,1195,1.88,517,REGULAR,REGULAR,NYSE,10247
BTE,20250717 10:11:01.993000,0,1.87,1474,1.88,517,REGULAR,REGULAR,PACF,10247
BTE,20250717 10:11:01.993000,0,1.87,1474,1.88,517,REGULAR,REGULAR,PACF,10247
BTE,20250717 10:11:01.993000,0,1.87,1474,1.88,517,REGULAR,REGULAR,PACF,10247
BTE,20250717 10:11:01.993000,0,1.87,1474,1.88,517,REGULAR,REGULAR,PACF,10247
BTE,20250717 10:11:01.993000,0,1.87,1474,1.88,517,REGULAR,REGULAR,PACF,10247
BTE,20250717 10:11:01.993000,0,1.87,1474,1.88,517,REGULAR,REGULAR,PACF,10247
BTE,20250717 10:11:01.993000,0,1.87,1474,1.88,517,REGULAR,REGULAR,PACF,10247
BTE,20250717 10:11:01.993000,0,1.87,1474,1.88,517,REGULAR,REGULAR,PACF,10247
BTE,20250717 10:11:01.993000,0,1.87,1474,1.88,517,REGULAR,REGULAR,PACF,10247
BTE,20250717 10:11:01.993000,0,1.87,1474,1.88,517,REGULAR,REGULAR,PACF,10247
BTE,20250717 10:11:01.993000,0,1.87,1474,1.88,517,REGULAR,REGULAR,PACF,10247
BTE,20250717 10:11:01.993000,0,1.87,1474,1.88,517,REGULAR,REGULAR,PACF,10247
BTE,20250717 10:11:01.993000,0,1.87,1474,1.88,517,REGULAR,REGULAR,PACF,10247
BTE,20250717 10:11:01.993000,0,1.87,1474,1.88,517,REGULAR,REGULAR,PACF,10247
BTE,20250717 10:11:01.993000,0,1.87,1474,1.88,517,REGULAR,REGULAR,PACF,10247
BTE,20250717 10:11:01.993000,0,1.87,1474,1.88,517,REGULAR,REGULAR,PACF,10247
BTE,20250717 10:11:01.993000,0,1.87,1474,1.88,517,REGULAR,REGULAR,PACF,10247
BTE,20250717 10:11:01.993000,0,1.87,1474,1.88,517,REGULAR,REGULAR,PACF,10247
BTE,20250717 10:11:01.993000,0,1.87,1474,1.88,517,REGULAR,REGULAR,PACF,10247
BTE,20250717 10:11:01.993000,0,1.87,1474,1.88,517,REGULAR,REGULAR,PACF,10247
BTE,20250717 10:11:01.993000,0,1.87,1474,1.88,517,REGULAR,REGULAR,PACF,10247
BTE,20250717 10:11:01.993000,0,1.87,1474,1.88,517,REGULAR,REGULAR,PACF,10247
BTE,20250717 10:11:01.993000,0,1.87,1474,1.88,517,REGULAR,REGULAR,PACF,10247
BTE,20250717 10:11:01.993000,0,1.87,1474,1.88,517,REGULAR,REGULAR,PACF,10247
BTE,20250717 10:11:01.993000,0,1.87,1474,1.88,517,REGULAR,REGULAR,PACF,10247
BTE,20250717 10:11:01.993000,0,1.87,1474,1.88,517,REGULAR,REGULAR,PACF,10247
BTE,20250717 10:11:01.993000,0,1.87,1474,1.88,517,REGULAR,REGULAR,PACF,10247
BTE,20250717 10:11:01.993000,0,1.87,1474,1.88,517,REGULAR,REGULAR,PACF,10247
BTE,20250717 10:11:01.993000,0,1.87,1474,1.88,517,REGULAR,REGULAR,PACF,10247
BTE,20250717 10:11:01.993000,0,1.87,1474,1.88,517,REGULAR,REGULAR,PACF,10247
BTE,20250717 10:11:01.993000,0,1.87,1474,1.88,517,REGULAR,REGULAR,PACF,10247
BTE,20250717 10:11:01.993000,0,1.87,1474,1.88,517,REGULAR,REGULAR,PACF,10247
BTE,20250717 10:11:01.993000,0,1.87,1474,1.88,517,REGULAR,REGULAR,PACF,10247
BTE,20250717 10:11:01.993000,0,1.87,1474,1.88,517,REGULAR,REGULAR,PACF,10247
BTE,20250717 10:11:01.993000,0,1.87,1474,1.88,517,REGULAR,REGULAR,PACF,10247
BTE,20250717 10:11:01.993000,0,1.87,1474,1.88,517,REGULAR,REGULAR,PACF,10247
BTE,20250717 10:11:01.993000,0,1.87,1474,1.88,517,REGULAR,REGULAR,PACF,10247
BTE,20250717 10:11:01.993000,0,1.87,1474,1.88,517,REGULAR,REGULAR,PACF,10247
BTE,20250717 10:11:01.993000,0,1.87,1474,1.88,517,REGULAR,REGULAR,PACF,10247
BTE,20250717 10:11:02.009000,0,1.88,2325,1.88,138,REGULAR,REGULAR,PACF,10308
BTE,20250717 10:11:02.009000,0,1.88,2325,1.88,138,REGULAR,REGULAR,PACF,10308
BTE,20250717 10:11:02.009000,0,1.88,2325,1.88,138,REGULAR,REGULAR,PACF,10308
BTE,20250717 10:11:02.009000,0,1.88,2325,1.88,138,REGULAR,REGULAR,PACF,10308
BTE,20250717 10:11:02.009000,0,1.88,2325,1.88,138,REGULAR,REGULAR,PACF,10308
BTE,20250717 10:11:02.009000,0,1.88,2325,1.88,138,REGULAR,REGULAR,PACF,10308
BTE,20250717 10:11:02.009000,0,1.88,2325,1.88,138,REGULAR,REGULAR,PACF,10308
BTE,20250717 10:11:02.009000,0,1.88,2325,1.88,138,REGULAR,REGULAR,PACF,10308
BTE,20250717 10:11:02.009000,0,1.88,2325,1.88,138,REGULAR,REGULAR,PACF,10308
BTE,20250717 10:11:02.009000,0,1.88,2325,1.88,138,REGULAR,REGULAR,PACF,10308
BTE,20250717 10:11:02.009000,0,1.88,2325,1.88,138,REGULAR,REGULAR,PACF,10308
BTE,20250717 10:11:02.009000,0,1.88,2325,1.88,138,REGULAR,REGULAR,PACF,10308
BTE,20250717 10:11:02.009000,0,1.88,2325,1.88,138,REGULAR,REGULAR,PACF,10308
BTE,20250717 10:11:02.009000,0,1.88,2325,1.88,138,REGULAR,REGULAR,PACF,10308
BTE,20250717 10:11:02.009000,0,1.88,2325,1.88,138,REGULAR,REGULAR,PACF,10308
BTE,20250717 10:11:02.009000,0,1.88,2325,1.88,138,REGULAR,REGULAR,PACF,10308
BTE,20250717 10:11:02.009000,0,1.88,2325,1.88,138,REGULAR,REGULAR,PACF,10308
BTE,20250717 10:11:02.009000,0,1.88,2325,1.88,138,REGULAR,REGULAR,PACF,10308
BTE,20250717 10:11:02.009000,0,1.88,2325,1.88,138,REGULAR,REGULAR,PACF,10308
BTE,20250717 10:11:02.009000,0,1.88,2325,1.88,138,REGULAR,REGULAR,PACF,10308
BTE,20250717 10:11:02.009000,0,1.88,2325,1.88,138,REGULAR,REGULAR,PACF,10308
BTE,20250717 10:11:02.009000,0,1.88,2325,1.88,138,REGULAR,REGULAR,PACF,10308
BTE,20250717 10:11:02.009000,0,1.88,2325,1.88,138,REGULAR,REGULAR,PACF,10308
BTE,20250717 10:11:02.009000,0,1.88,2325,1.88,138,REGULAR,REGULAR,PACF,10308
BTE,20250717 10:11:02.009000,0,1.88,2325,1.88,138,REGULAR,REGULAR,PACF,10308
BTE,20250717 10:11:02.009000,0,1.88,2325,1.88,138,REGULAR,REGULAR,PACF,10308
BTE,20250717 10:11:02.009000,0,1.88,2325,1.88,138,REGULAR,REGULAR,PACF,10308
BTE,20250717 10:11:02.009000,0,1.88,2325,1.88,138,REGULAR,REGULAR,PACF,10308
BTE,20250717 10:11:02.009000,0,1.88,2325,1.88,138,REGULAR,REGULAR,PACF,10308
BTE,20250717 10:11:02.009000,0,1.88,2325,1.88,138,REGULAR,REGULAR,PACF,10308
BTE,20250717 10:11:02.009000,0,1.88,2325,1.88,138,REGULAR,REGULAR,PACF,10308
BTE,20250717 10:11:02.009000,0,1.88,2325,1.88,138,REGULAR,REGULAR,PACF,10308
BTE,20250717 10:11:02.009000,0,1.88,2325,1.88,138,REGULAR,REGULAR,PACF,10308
BTE,20250717 10:11:02.009000,0,1.88,2325,1.88,138,REGULAR,REGULAR,PACF,10308
BTE,20250717 10:11:02.009000,0,1.88,2325,1.88,138,REGULAR,REGULAR,PACF,10308
BTE,20250717 10:11:02.009000,0,1.88,2325,1.88,138,REGULAR,REGULAR,PACF,10308
BTE,20250717 10:11:02.009000,0,1.88,2325,1.88,138,REGULAR,REGULAR,PACF,10308
BTE,20250717 10:11:02.009000,0,1.88,2325,1.88,138,REGULAR,REGULAR,PACF,10308
BTE,20250717 10:11:02.009000,0,1.88,2325,1.88,138,REGULAR,REGULAR,PACF,10308
BTE,20250717 10:11:02.009000,0,1.88,2325,1.88,138,REGULAR,REGULAR,PACF,10308
BTE,20250717 10:11:02.009000,0,1.88,2325,1.88,138,REGULAR,REGULAR,PACF,10308
BTE,20250717 10:11:02.009000,0,1.88,2325,1.88,138,REGULAR,REGULAR,PACF,10308
BTE,20250717 10:11:02.009000,0,1.88,2325,1.88,138,REGULAR,REGULAR,PACF,10308
BTE,20250717 10:11:02.009000,0,1.88,2325,1.88,138,REGULAR,REGULAR,PACF,10308
BTE,20250717 10:11:02.009000,0,1.88,2325,1.88,138,REGULAR,REGULAR,PACF,10308
BTE,20250717 10:11:02.009000,0,1.88,2325,1.88,138,REGULAR,REGULAR,PACF,10308
BTE,20250717 10:11:02.009000,0,1.88,2325,1.88,138,REGULAR,REGULAR,PACF,10308
BTE,20250717 10:11:02.009000,0,1.88,2325,1.88,138,REGULAR,REGULAR,PACF,10308
BTE,20250717 10:11:02.009000,0,1.88,2325,1.88,138,REGULAR,REGULAR,PACF,10308
BTE,20250717 10:11:02.009000,0,1.88,2325,1.88,138,REGULAR,REGULAR,PACF,10308
BTE,20250717 10:11:02.009000,0,1.88,2325,1.88,138,REGULAR,REGULAR,PACF,10308
BTE,20250717 10:11:02.009000,0,1.88,2325,1.88,138,REGULAR,REGULAR,PACF,10308
BTE,20250717 10:11:02.009000,0,1.88,2325,1.88,138,REGULAR,REGULAR,PACF,10308
BTE,20250717 10:11:02.009000,0,1.88,2325,1.88,138,REGULAR,REGULAR,PACF,10308
BTE,20250717 10:11:02.009000,0,1.88,2325,1.88,138,REGULAR,REGULAR,PACF,10308
BTE,20250717 10:11:02.009000,0,1.88,2325,1.88,138,REGULAR,REGULAR,PACF,10308
BTE,20250717 10:11:02.009000,0,1.88,2325,1.88,138,REGULAR,REGULAR,PACF,10308
BTE,20250717 10:11:02.009000,0,1.88,2325,1.88,138,REGULAR,REGULAR,PACF,10308
BTE,20250717 10:11:02.009000,0,1.88,2325,1.88,138,REGULAR,REGULAR,PACF,10308
BTE,20250717 10:11:02.009000,0,1.88,2325,1.88,138,REGULAR,REGULAR,PACF,10308
BTE,20250717 10:11:02.009000,0,1.88,2325,1.88,138,REGULAR,REGULAR,PACF,10308
BTE,20250717 10:11:02.009000,0,1.88,2325,1.88,138,REGULAR,REGULAR,PACF,10308
BTE,20250717 10:11:02.009000,0,1.88,2325,1.88,138,REGULAR,REGULAR,PACF,10308
BTE,20250717 10:11:02.009000,0,1.88,2325,1.88,138,REGULAR,REGULAR,PACF,10308
BTE,20250717 10:11:02.009000,0,1.88,2325,1.88,138,REGULAR,REGULAR,PACF,10308
BTE,20250717 10:11:02.009000,0,1.88,2325,1.88,138,REGULAR,REGULAR,PACF,10308
BTE,20250717 10:11:02.009000,0,1.88,2325,1.88,138,REGULAR,REGULAR,PACF,10308
BTE,20250717 10:11:02.009000,0,1.88,2325,1.88,138,REGULAR,REGULAR,PACF,10308
