SymbolId,TradeTime,Index,Size,TotalVolume,Price,ReportingExchange,TradeCondition
BTE,20250717 04:17:13.300000,30220,1,1,1.84,MEMX,12545
BTE,20250717 04:59:15.018000,66022,161,162,1.81,PACF,12545
BTE,20250717 07:00:35.323000,155147,200,362,1.84,PACF,12545
BTE,20250717 07:00:35.324000,155149,100,462,1.84,EDGX,12545
BTE,20250717 07:20:49.541000,177192,99,561,1.84,MEMX,12545
BTE,20250717 07:20:49.546000,177193,3,564,1.84,PACF,12545
BTE,20250717 07:47:22.375000,201060,898,1462,1.84,PACF,12545
BTE,20250717 07:47:22.375000,201061,7,1469,1.84,BATS,12545
BTE,20250717 07:49:03.295000,202843,200,1669,1.82,EDGX,12545
BTE,20250717 07:56:11.059000,209852,1,1670,1.82,PACF,12545
BTE,20250717 08:00:00.299000,216657,300,1970,1.82,NQNX,12545
BTE,20250717 08:00:00.300000,216683,800,2770,1.82,NQNX,12545
BTE,20250717 08:00:00.302000,216724,500,3270,1.82,NQNX,12545
BTE,20250717 08:00:00.307000,216815,500,3770,1.82,NQNX,12545
BTE,20250717 08:00:00.849000,220431,100,3870,1.82,NTRF,12545
BTE,20250717 08:00:01.286000,223896,1000,4870,1.84,NQNX,12545
BTE,20250717 08:00:11.168000,252970,21,4891,1.82,NQNX,12545
BTE,20250717 08:00:22.383000,263507,1000,5891,1.85,NQNX,12545
BTE,20250717 08:02:22.433000,290027,1,5892,1.84,NQNX,12545
BTE,20250717 08:04:43.103000,295113,6799,12691,1.82,PACF,12545
BTE,20250717 08:41:17.630000,386445,90,12781,1.84,BATS,12545
BTE,20250717 08:58:07.207000,433152,434,13215,1.84,NQNX,12545
BTE,20250717 09:00:59.014000,440066,500,13715,1.84,PACF,12545
BTE,20250717 09:09:01.104000,463942,70,13785,1.83,NTRF,12545
BTE,20250717 09:30:00.877000,555897,3517,20819,1.83,NYSE,12610
BTE,20250717 09:30:00.877000,555896,3517,17302,1.83,NYSE,12606
BTE,20250717 09:30:00.908000,556964,28,20875,1.84,PACF,12610
BTE,20250717 09:30:00.908000,556963,28,20847,1.84,PACF,12659
BTE,20250717 09:30:01.362000,572681,4,20879,1.83,NTRF,12640
BTE,20250717 09:30:01.434000,574867,24,20903,1.83,NQNX,12640
BTE,20250717 09:30:01.475000,575729,1,20904,1.83,NTRF,12640
BTE,20250717 09:30:01.893000,585735,1400,22304,1.82,NQNX,12544
BTE,20250717 09:30:02.130000,593693,1,22305,1.83,NQNX,12640
BTE,20250717 09:30:03.235000,626167,1,22306,1.83,NQNX,12640
BTE,20250717 09:30:04.010000,638853,1,22307,1.82,NQNX,12659
BTE,20250717 09:30:05.314000,648272,1,22308,1.82,NQNX,12659
BTE,20250717 09:30:46.222000,787294,500,22808,1.83,NQNX,12544
BTE,20250717 09:30:52.517000,801652,2,22810,1.83,NQNX,12659
BTE,20250717 09:30:59.518000,819213,500,23310,1.84,NQNX,12544
BTE,20250717 09:31:02.025000,828080,2000,37060,1.83,BATS,12639
BTE,20250717 09:31:02.025000,828076,8500,31810,1.83,NYSE,12639
BTE,20250717 09:31:02.025000,828089,800,47712,1.83,NQEX,12639
BTE,20250717 09:31:02.025000,828077,1250,33060,1.83,NYSE,12639
BTE,20250717 09:31:02.025000,828091,200,47912,1.83,NQEX,12610
BTE,20250717 09:31:02.025000,828081,1500,38560,1.83,BATS,12639
BTE,20250717 09:31:02.025000,828082,200,38760,1.83,PACF,12639
BTE,20250717 09:31:02.025000,828078,2000,35060,1.83,MEMX,12639
BTE,20250717 09:31:02.025000,828088,819,46912,1.83,NQEX,12639
BTE,20250717 09:31:02.025000,828085,133,42793,1.83,EDGX,12639
BTE,20250717 09:31:02.025000,828086,200,42993,1.83,NQEX,12639
BTE,20250717 09:31:02.025000,828087,3100,46093,1.83,NQEX,12639
BTE,20250717 09:31:02.025000,828084,800,42660,1.83,PACF,12639
BTE,20250717 09:31:02.025000,828083,3100,41860,1.83,PACF,12639
BTE,20250717 09:31:03.895000,834332,50,47962,1.82,IEX,12659
BTE,20250717 09:31:03.896000,834334,1100,49062,1.82,NQNX,12544
BTE,20250717 09:31:10.060000,853737,100,49162,1.82,NQNX,12544
BTE,20250717 09:31:11.449000,859278,100,49262,1.82,NQNX,12544
BTE,20250717 09:31:26.105000,901688,600,49862,1.82,NQNX,12544
BTE,20250717 09:31:35.993000,931333,600,50462,1.83,NQNX,12544
BTE,20250717 09:31:54.567000,981725,1,50463,1.82,NQNX,12659
BTE,20250717 09:32:07.089000,1020123,8,51085,1.83,BATY,12659
BTE,20250717 09:32:07.089000,1020120,100,51063,1.83,BATY,12639
BTE,20250717 09:32:07.089000,1020122,9,51077,1.83,BATY,12659
BTE,20250717 09:32:07.089000,1020113,100,50563,1.83,CINC,12639
BTE,20250717 09:32:07.089000,1020115,100,50663,1.83,BATY,12544
BTE,20250717 09:32:07.089000,1020116,100,50763,1.83,BATY,12544
BTE,20250717 09:32:07.089000,1020121,5,51068,1.83,BATY,12659
BTE,20250717 09:32:07.089000,1020118,100,50863,1.83,BATY,12544
BTE,20250717 09:32:07.089000,1020119,100,50963,1.83,BATY,12544
BTE,20250717 09:32:07.417000,1021061,6,51091,1.83,CINC,12659
BTE,20250717 09:32:13.423000,1036259,100,51191,1.82,NQNX,12544
BTE,20250717 09:32:14.688000,1038640,100,51291,1.82,NQNX,12544
BTE,20250717 09:32:20.603000,1052780,508,51799,1.82,NQNX,12544
BTE,20250717 09:32:21.361000,1054735,100,51899,1.83,CINC,12639
BTE,20250717 09:32:21.965000,1056756,508,52407,1.82,NQNX,12544
BTE,20250717 09:32:22.335000,1058156,4900,57307,1.82,NQNX,12544
BTE,20250717 09:32:23.225000,1061480,1016,58323,1.83,NQNX,12544
BTE,20250717 09:32:24.763000,1065529,508,58831,1.82,NQNX,12544
BTE,20250717 09:32:25.648000,1068512,508,59339,1.82,NQNX,12544
BTE,20250717 09:32:26.501000,1071362,400,59739,1.83,NQNX,12544
BTE,20250717 09:32:28.920000,1078221,100,59839,1.82,NQNX,12544
BTE,20250717 09:32:29.526000,1079765,9,59848,1.83,CINC,12659
BTE,20250717 09:32:34.862000,1096935,1016,60864,1.83,NQNX,12544
BTE,20250717 09:32:34.982000,1097295,3000,63864,1.82,NQNX,12544
BTE,20250717 09:32:35.003000,1097320,3800,67664,1.82,NTRF,12544
BTE,20250717 09:32:36.093000,1102899,101,67765,1.83,BATS,12544
BTE,20250717 09:32:36.543000,1104348,25,68190,1.83,BATY,12659
BTE,20250717 09:32:36.543000,1104332,100,67865,1.83,BATY,12639
BTE,20250717 09:32:36.543000,1104335,300,68165,1.83,BATY,12639
BTE,20250717 09:32:36.559000,1104810,9593,78040,1.83,NYSE,12544
BTE,20250717 09:32:36.559000,1104825,80,78120,1.83,EDGE,12659
BTE,20250717 09:32:36.559000,1104809,257,68447,1.83,NYSE,12639
BTE,20250717 09:32:37.983000,1111524,72,78192,1.84,NQNX,12659
BTE,20250717 09:32:37.983000,1111525,72,78264,1.83,NQNX,12659
BTE,20250717 09:32:37.983000,1111526,9927,88191,1.83,NQNX,12544
BTE,20250717 09:32:49.297000,1146071,104,88295,1.83,NQNX,12544
BTE,20250717 09:32:51.487000,1150623,3800,92095,1.83,NQNX,12544
BTE,20250717 09:32:52.043000,1152231,800,92895,1.83,NQNX,12544
BTE,20250717 09:32:52.153000,1152564,1000,93895,1.83,NQNX,12544
BTE,20250717 09:32:52.160000,1152593,4900,98795,1.83,NQNX,12544
BTE,20250717 09:32:52.464000,1153559,9999,108794,1.83,NQNX,12544
BTE,20250717 09:32:58.667000,1169543,7000,115794,1.83,NQNX,12544
BTE,20250717 09:32:59.337000,1170733,3000,118794,1.83,NQNX,12544
BTE,20250717 09:33:02.454000,1182239,800,119594,1.84,NQNX,12544
BTE,20250717 09:33:11.190000,1208520,800,120394,1.84,NQNX,12544
BTE,20250717 09:33:16.893000,1222570,800,121194,1.83,NQNX,12544
BTE,20250717 09:33:20.203000,1231900,100,121294,1.83,NTRF,12544
BTE,20250717 09:33:20.897000,1233349,1000,122294,1.83,NQNX,12544
BTE,20250717 09:33:37.138000,1275606,600,122894,1.84,NQNX,12544
BTE,20250717 09:33:44.793000,1296801,600,123494,1.84,NQNX,12544
BTE,20250717 09:33:51.371000,1315573,4,123498,1.83,NQNX,12659
BTE,20250717 09:33:52.180000,1317187,818,124316,1.83,NQNX,12544
BTE,20250717 09:34:11.977000,1366324,800,125116,1.83,NQNX,12544
BTE,20250717 09:34:13.166000,1368682,500,125616,1.84,NQNX,12544
BTE,20250717 09:34:21.909000,1390097,318,125934,1.84,NQNX,12544
BTE,20250717 09:34:23.389000,1394640,800,126734,1.84,NQNX,12544
BTE,20250717 09:34:31.272000,1412566,300,127034,1.83,NQNX,12544
BTE,20250717 09:34:31.274000,1412569,50,127084,1.83,NQNX,12659
BTE,20250717 09:34:31.291000,1412583,100,127184,1.83,BTRF,12544
BTE,20250717 09:34:42.050000,1437160,10000,137184,1.83,NQNX,12544
BTE,20250717 09:34:49.124000,1452352,500,137684,1.84,NQNX,12544
BTE,20250717 09:34:59.158000,1472373,800,138484,1.83,NQNX,12544
BTE,20250717 09:35:19.596000,1527318,50,157028,1.84,PACF,12659
BTE,20250717 09:35:19.596000,1527319,50,157078,1.84,PACF,12659
BTE,20250717 09:35:19.596000,1527320,50,157128,1.84,PACF,12659
BTE,20250717 09:35:19.596000,1527321,200,157328,1.84,PACF,12544
BTE,20250717 09:35:19.596000,1527322,50,157378,1.84,PACF,12659
BTE,20250717 09:35:19.596000,1527323,100,157478,1.84,PACF,12544
BTE,20250717 09:35:19.596000,1527324,20,157498,1.84,PACF,12659
BTE,20250717 09:35:19.596000,1527368,2022,187396,1.84,MIAX,12544
BTE,20250717 09:35:19.596000,1527365,8,185374,1.84,NQEX,12659
BTE,20250717 09:35:19.596000,1527364,4,185366,1.84,BOST,12659
BTE,20250717 09:35:19.596000,1527363,2800,185362,1.84,NQEX,12544
BTE,20250717 09:35:19.596000,1527325,1000,158498,1.84,PACF,12544
BTE,20250717 09:35:19.596000,1527317,50,156978,1.84,PACF,12659
BTE,20250717 09:35:19.596000,1527315,50,156928,1.84,PACF,12659
BTE,20250717 09:35:19.596000,1527296,100,138584,1.84,CINC,12639
BTE,20250717 09:35:19.596000,1527297,100,138684,1.84,CINC,12639
BTE,20250717 09:35:19.596000,1527298,100,138784,1.84,CINC,12639
BTE,20250717 09:35:19.596000,1527299,8503,147287,1.84,NYSE,12639
BTE,20250717 09:35:19.596000,1527305,8541,155928,1.84,NYSE,12544
BTE,20250717 09:35:19.596000,1527306,100,156028,1.84,CINC,12639
BTE,20250717 09:35:19.596000,1527311,50,156078,1.84,PACF,12659
BTE,20250717 09:35:19.596000,1527312,50,156128,1.84,PACF,12659
BTE,20250717 09:35:19.596000,1527314,750,156878,1.84,PACF,12544
BTE,20250717 09:35:19.596000,1527303,100,147387,1.84,CINC,12639
BTE,20250717 09:35:19.596000,1527362,2600,182562,1.84,NQEX,12544
BTE,20250717 09:35:19.596000,1527345,400,175558,1.84,EDGX,12544
BTE,20250717 09:35:19.596000,1527361,200,179962,1.84,NQEX,12544
BTE,20250717 09:35:19.596000,1527359,100,179762,1.84,NQEX,12544
BTE,20250717 09:35:19.596000,1527358,3400,179662,1.84,NQEX,12544
BTE,20250717 09:35:19.596000,1527357,100,176262,1.84,NQEX,12544
BTE,20250717 09:35:19.596000,1527355,50,176112,1.84,NQEX,12659
BTE,20250717 09:35:19.596000,1527354,50,176062,1.84,NQEX,12659
BTE,20250717 09:35:19.596000,1527352,50,176012,1.84,NQEX,12659
BTE,20250717 09:35:19.596000,1527351,100,175962,1.84,NQEX,12544
BTE,20250717 09:35:19.596000,1527348,100,175862,1.84,BOST,12639
BTE,20250717 09:35:19.596000,1527356,50,176162,1.84,NQEX,12659
BTE,20250717 09:35:19.596000,1527347,4,175762,1.84,BATY,12659
BTE,20250717 09:35:19.596000,1527344,1100,175158,1.84,BATS,12544
BTE,20250717 09:35:19.596000,1527343,1400,174058,1.84,BATS,12544
BTE,20250717 09:35:19.596000,1527326,100,158598,1.84,CINC,12639
BTE,20250717 09:35:19.596000,1527327,300,158898,1.84,NYSE,12544
BTE,20250717 09:35:19.596000,1527328,100,158998,1.84,CINC,12639
BTE,20250717 09:35:19.596000,1527330,18,159016,1.84,CINC,12659
BTE,20250717 09:35:19.596000,1527336,42,159058,1.84,EDGX,12659
BTE,20250717 09:35:19.596000,1527337,5000,164058,1.84,BATS,12544
BTE,20250717 09:35:19.596000,1527338,600,164658,1.84,EDGX,12544
BTE,20250717 09:35:19.596000,1527339,5900,170558,1.84,EDGX,12544
BTE,20250717 09:35:19.596000,1527340,100,170658,1.84,BATY,12544
BTE,20250717 09:35:19.596000,1527341,900,171558,1.84,EDGX,12544
BTE,20250717 09:35:19.596000,1527342,1100,172658,1.84,BATS,12544
BTE,20250717 09:35:19.596000,1527346,200,175758,1.84,EDGX,12544
BTE,20250717 09:35:29.858000,1557092,8097,196993,1.85,NYSE,12639
BTE,20250717 09:35:29.858000,1557091,1500,188896,1.84,NYSE,12639
BTE,20250717 09:35:40.900000,1584808,3000,199993,1.84,NQNX,12544
BTE,20250717 09:35:52.273000,1615451,1800,203793,1.85,NQNX,12544
BTE,20250717 09:35:52.273000,1615450,2000,201993,1.84,NQNX,12544
BTE,20250717 09:35:52.290000,1615476,2000,205793,1.85,BTRF,12544
BTE,20250717 09:36:03.160000,1642182,1,205794,1.84,NTRF,12659
BTE,20250717 09:36:10.304000,1663343,100,205894,1.85,NYSE,12639
BTE,20250717 09:36:13.628000,1670926,10000,215894,1.84,NQNX,12544
BTE,20250717 09:36:13.629000,1670928,94,216088,1.85,BATY,12659
BTE,20250717 09:36:13.629000,1670927,100,215994,1.85,CINC,12544
BTE,20250717 09:36:14.091000,1672073,500,216588,1.84,NQNX,12544
BTE,20250717 09:36:14.509000,1673645,100,216688,1.84,NQNX,12544
BTE,20250717 09:36:15.332000,1676074,100,216788,1.84,NQNX,12544
BTE,20250717 09:36:16.312000,1679148,100,216888,1.84,NQNX,12544
BTE,20250717 09:36:17.686000,1682324,100,216988,1.84,NQNX,12544
BTE,20250717 09:36:19.718000,1687527,500,217488,1.84,NQNX,12544
BTE,20250717 09:36:20.518000,1689572,1600,219088,1.84,NQNX,12544
BTE,20250717 09:36:22.077000,1694107,500,219588,1.85,NQNX,12544
BTE,20250717 09:36:25.175000,1701190,100,219688,1.84,NQNX,12544
BTE,20250717 09:36:25.951000,1703364,100,219788,1.84,NQNX,12544
BTE,20250717 09:36:27.364000,1707031,9347,229135,1.84,NQNX,12544
BTE,20250717 09:36:32.339000,1718225,4800,233935,1.84,NQNX,12544
BTE,20250717 09:36:32.925000,1719229,9345,243280,1.84,NQNX,12544
BTE,20250717 09:36:33.727000,1720597,8492,251772,1.84,NQNX,12544
BTE,20250717 09:36:34.767000,1722766,4600,256372,1.84,NQNX,12544
BTE,20250717 09:36:39.276000,1733144,100,256472,1.85,NYSE,12639
BTE,20250717 09:36:39.277000,1733149,100,256687,1.85,BATY,12639
BTE,20250717 09:36:39.277000,1733148,15,256587,1.85,BATY,12659
BTE,20250717 09:36:39.277000,1733147,100,256572,1.85,BATY,12639
BTE,20250717 09:36:40.203000,1734994,500,257187,1.84,NQNX,12544
BTE,20250717 09:36:41.510000,1738029,109,257296,1.85,BATS,12544
BTE,20250717 09:36:41.615000,1738213,2555,262196,1.84,NQNX,12544
BTE,20250717 09:36:41.615000,1738212,2345,259641,1.84,NQNX,12544
BTE,20250717 09:36:44.773000,1746107,8000,270196,1.84,NQNX,12544
BTE,20250717 09:36:45.225000,1747574,100,270296,1.84,NQNX,12544
BTE,20250717 09:36:45.967000,1749259,1,270303,1.85,BATY,12659
BTE,20250717 09:36:45.967000,1749258,6,270302,1.85,BATY,12659
BTE,20250717 09:36:47.207000,1752323,100,270403,1.84,NQNX,12544
BTE,20250717 09:36:48.732000,1755226,500,270903,1.84,NQNX,12544
BTE,20250717 09:36:50.091000,1757916,100,271003,1.84,NTRF,12544
BTE,20250717 09:36:56.773000,1771631,100,271103,1.84,NQNX,12544
BTE,20250717 09:36:56.880000,1771901,100,271203,1.84,NQNX,12544
BTE,20250717 09:36:57.206000,1772314,1500,272703,1.84,NQNX,12544
BTE,20250717 09:36:57.630000,1773329,100,272803,1.84,NQNX,12544
BTE,20250717 09:36:58.146000,1774283,100,272903,1.84,NQNX,12544
BTE,20250717 09:37:01.472000,1781706,1000,273903,1.85,NQNX,12544
BTE,20250717 09:37:02.799000,1784479,100,274003,1.85,NYSE,12639
BTE,20250717 09:37:05.425000,1789563,9200,283203,1.84,NQNX,12544
BTE,20250717 09:37:05.884000,1790536,1000,284203,1.85,NQNX,12544
BTE,20250717 09:37:06.223000,1792277,200,284403,1.84,NQNX,12544
BTE,20250717 09:37:08.996000,1799853,3,284406,1.84,NQNX,12659
BTE,20250717 09:37:11.213000,1804545,500,284906,1.84,NQNX,12544
BTE,20250717 09:37:13.583000,1809747,100,285006,1.85,CINC,12639
BTE,20250717 09:37:13.584000,1809748,7,285013,1.85,CINC,12659
BTE,20250717 09:37:15.111000,1813262,500,285513,1.84,NQNX,12544
BTE,20250717 09:37:16.730000,1816718,500,286013,1.84,NQNX,12544
BTE,20250717 09:37:21.259000,1826646,1000,287013,1.85,NQNX,12544
BTE,20250717 09:37:30.827000,1845409,4679,291692,1.84,NQNX,12544
BTE,20250717 09:37:33.143000,1850987,500,292192,1.84,NQNX,12544
BTE,20250717 09:37:35.200000,1855605,100,292292,1.85,NYSE,12639
BTE,20250717 09:37:43.864000,1871866,500,292792,1.85,NQNX,12544
BTE,20250717 09:37:51.193000,1884584,4900,297692,1.84,NQNX,12544
BTE,20250717 09:37:51.495000,1885155,18,297792,1.85,MEMX,12659
BTE,20250717 09:37:51.495000,1885154,82,297774,1.85,MEMX,12659
BTE,20250717 09:38:07.822000,1919064,400,298192,1.84,NQNX,12544
BTE,20250717 09:38:15.526000,1935632,1400,299592,1.85,NQNX,12544
BTE,20250717 09:38:20.465000,1946012,100,299692,1.85,NQEX,12639
BTE,20250717 09:38:23.410000,1953641,200,299892,1.85,NQNX,12544
BTE,20250717 09:38:23.411000,1953679,16300,363789,1.85,NYSE,12544
BTE,20250717 09:38:23.411000,1953665,5900,340465,1.85,EDGX,12639
BTE,20250717 09:38:23.411000,1953666,500,340965,1.85,EDGX,12639
BTE,20250717 09:38:23.411000,1953667,100,341065,1.85,BATS,12639
BTE,20250717 09:38:23.411000,1953668,100,341165,1.85,EDGX,12639
BTE,20250717 09:38:23.411000,1953669,200,341365,1.85,EDGX,12639
BTE,20250717 09:38:23.411000,1953670,100,341465,1.85,EDGX,12639
BTE,20250717 09:38:23.411000,1953671,7,341472,1.85,BATS,12659
BTE,20250717 09:38:23.411000,1953672,100,341572,1.85,BATS,12544
BTE,20250717 09:38:23.411000,1953674,8,341589,1.85,BATS,12659
BTE,20250717 09:38:23.411000,1953675,5000,346589,1.85,NQEX,12639
BTE,20250717 09:38:23.411000,1953676,600,347189,1.85,NQEX,12639
BTE,20250717 09:38:23.411000,1953664,100,334565,1.85,BATS,12639
BTE,20250717 09:38:23.411000,1953663,375,334465,1.85,EDGX,12639
BTE,20250717 09:38:23.411000,1953652,700,300592,1.85,NQNX,12544
BTE,20250717 09:38:23.411000,1953653,1000,301592,1.85,PACF,12639
BTE,20250717 09:38:23.411000,1953654,800,302392,1.85,PACF,12639
BTE,20250717 09:38:23.411000,1953655,1000,303392,1.85,PACF,12639
BTE,20250717 09:38:23.411000,1953656,100,303492,1.85,PACF,12639
BTE,20250717 09:38:23.411000,1953657,23495,326987,1.85,NYSE,12639
BTE,20250717 09:38:23.411000,1953658,3,326990,1.85,PACF,12659
BTE,20250717 09:38:23.411000,1953659,5600,332590,1.85,MEMX,12639
BTE,20250717 09:38:23.411000,1953660,1200,333790,1.85,BATS,12639
BTE,20250717 09:38:23.411000,1953661,300,334090,1.85,BATS,12639
BTE,20250717 09:38:23.411000,1953677,200,347389,1.85,NQEX,12639
BTE,20250717 09:38:23.411000,1953673,9,341581,1.85,EDGX,12659
BTE,20250717 09:38:23.411000,1953678,100,347489,1.85,BATS,12639
BTE,20250717 09:38:23.412000,1953696,100,364989,1.86,BOST,12639
BTE,20250717 09:38:23.412000,1953695,200,364889,1.84,NQNX,12544
BTE,20250717 09:38:23.412000,1953693,100,364689,1.86,BATY,12639
BTE,20250717 09:38:23.412000,1953692,800,364589,1.86,EDGX,12639
BTE,20250717 09:38:23.413000,1953700,700,365689,1.84,NQNX,12544
BTE,20250717 09:38:23.414000,1953704,2300,367989,1.84,NQNX,12544
BTE,20250717 09:38:23.415000,1953717,100,368989,1.84,NQNX,12544
BTE,20250717 09:38:23.415000,1953709,800,368889,1.84,NQNX,12544
BTE,20250717 09:38:23.415000,1953707,100,368089,1.84,NQNX,12544
BTE,20250717 09:38:23.492000,1954184,3800,372789,1.85,NQNX,12544
BTE,20250717 09:38:25.019000,1956860,1500,374289,1.85,NQNX,12544
BTE,20250717 09:38:25.328000,1957469,100,374389,1.86,CINC,12544
BTE,20250717 09:38:27.703000,1961280,1600,375989,1.85,NQNX,12544
BTE,20250717 09:38:28.721000,1962951,4900,380889,1.85,NQNX,12544
BTE,20250717 09:38:31.997000,1969655,4800,385689,1.85,NQNX,12544
BTE,20250717 09:38:34.002000,1973188,3000,388689,1.85,NQNX,12544
BTE,20250717 09:38:35.679000,1976467,4200,392889,1.85,NQNX,12544
BTE,20250717 09:38:36.273000,1977684,100,392989,1.85,NQNX,12544
BTE,20250717 09:38:36.293000,1977757,660,394969,1.85,MEMX,12544
BTE,20250717 09:38:36.293000,1977755,660,393649,1.85,PACF,12544
BTE,20250717 09:38:36.293000,1977756,660,394309,1.85,NYSE,12544
BTE,20250717 09:38:36.293000,1977758,660,395629,1.85,BATS,12544
BTE,20250717 09:38:36.293000,1977759,660,396289,1.85,EDGX,12544
BTE,20250717 09:38:36.294000,1977764,881,400473,1.85,EDGX,12544
BTE,20250717 09:38:36.294000,1977763,881,399592,1.85,MEMX,12544
BTE,20250717 09:38:36.294000,1977765,881,401354,1.85,BATS,12544
BTE,20250717 09:38:36.294000,1977760,660,396949,1.85,NQEX,12544
BTE,20250717 09:38:36.294000,1977761,881,397830,1.85,PACF,12544
BTE,20250717 09:38:36.294000,1977762,881,398711,1.85,NYSE,12544
BTE,20250717 09:38:36.294000,1977767,882,402236,1.85,NQEX,12544
BTE,20250717 09:38:36.338000,1977831,800,403036,1.85,NQNX,12544
BTE,20250717 09:38:38.151000,1982442,3800,406836,1.85,NQNX,12544
BTE,20250717 09:38:38.172000,1982473,99,406935,1.85,NTRF,12659
BTE,20250717 09:38:38.696000,1983510,4800,411735,1.85,NQNX,12544
BTE,20250717 09:38:45.439000,1997820,58,411835,1.86,MEMX,12659
BTE,20250717 09:38:45.439000,1997819,42,411777,1.86,MEMX,12659
BTE,20250717 09:38:52.099000,2009410,800,412635,1.86,NQNX,12544
BTE,20250717 09:38:54.648000,2013261,8492,421127,1.85,NQNX,12544
BTE,20250717 09:38:54.884000,2013710,700,421827,1.85,NQNX,12544
BTE,20250717 09:38:55.384000,2015051,2448,426276,1.85,PACF,12544
BTE,20250717 09:38:55.384000,2015052,2448,428724,1.85,NYSE,12544
BTE,20250717 09:38:55.384000,2015050,667,423828,1.85,NQEX,12544
BTE,20250717 09:38:55.384000,2015049,667,423161,1.85,NYSE,12544
BTE,20250717 09:38:55.384000,2015048,667,422494,1.85,PACF,12544
BTE,20250717 09:38:55.385000,2015055,2448,431172,1.85,NQEX,12544
BTE,20250717 09:38:55.802000,2015838,56,431272,1.86,CINC,12659
BTE,20250717 09:38:55.802000,2015837,44,431216,1.86,CINC,12659
BTE,20250717 09:38:57.155000,2018316,99,431371,1.85,NQNX,12659
BTE,20250717 09:38:57.518000,2018874,100,431471,1.85,NQNX,12544
BTE,20250717 09:38:58.603000,2020432,100,431571,1.85,NQNX,12544
BTE,20250717 09:39:06.083000,2038349,600,432171,1.85,NQNX,12544
BTE,20250717 09:39:10.325000,2046429,100,432271,1.86,NQEX,12639
BTE,20250717 09:39:12.823000,2051872,600,432871,1.85,NQNX,12544
BTE,20250717 09:39:23.521000,2070911,3800,436671,1.85,NQNX,12544
BTE,20250717 09:39:25.927000,2074934,600,437271,1.85,NQNX,12544
BTE,20250717 09:39:28.899000,2082170,4900,442171,1.85,NQNX,12544
BTE,20250717 09:39:31.987000,2088416,4600,446771,1.85,NQNX,12544
BTE,20250717 09:39:35.104000,2093883,700,447471,1.85,NQNX,12544
BTE,20250717 09:39:36.587000,2096997,9360,456831,1.85,NQNX,12544
BTE,20250717 09:39:36.587000,2096999,9750,476361,1.85,NYSE,12544
BTE,20250717 09:39:36.587000,2096998,9780,466611,1.85,PACF,12544
BTE,20250717 09:39:38.923000,2100816,8000,484361,1.85,NQNX,12544
BTE,20250717 09:39:40.617000,2104499,100,484461,1.85,NYSE,12639
BTE,20250717 09:39:41.208000,2105825,2200,486661,1.85,NQNX,12544
BTE,20250717 09:39:44.801000,2112502,700,487361,1.86,NQNX,12544
BTE,20250717 09:39:44.918000,2112849,800,488161,1.86,NQNX,12544
BTE,20250717 09:39:49.514000,2123496,1700,489861,1.86,NQNX,12544
BTE,20250717 09:40:08.147000,2167879,100,489961,1.86,MEMX,12639
BTE,20250717 09:40:08.148000,2167881,1100,491061,1.85,NQNX,12544
BTE,20250717 09:40:11.332000,2174601,85,491146,1.85,NQNX,12659
BTE,20250717 09:40:21.406000,2194987,11,491157,1.85,NQNX,12659
BTE,20250717 09:40:26.931000,2205536,44,491201,1.86,CINC,12659
BTE,20250717 09:40:26.931000,2205538,8,491309,1.86,CINC,12659
BTE,20250717 09:40:26.931000,2205537,100,491301,1.86,CINC,12639
BTE,20250717 09:40:27.190000,2206022,4200,495509,1.85,NQNX,12544
BTE,20250717 09:40:27.487000,2206995,2,495714,1.86,BOST,12659
BTE,20250717 09:40:27.487000,2206993,100,495709,1.86,BOST,12639
BTE,20250717 09:40:27.487000,2206992,100,495609,1.86,BOST,12639
BTE,20250717 09:40:27.487000,2206994,3,495712,1.86,BOST,12659
BTE,20250717 09:40:27.487000,2206997,100,495814,1.86,IEX,12544
BTE,20250717 09:40:27.487000,2207001,6200,505614,1.86,IEX,12544
BTE,20250717 09:40:27.487000,2206998,100,495914,1.86,IEX,12544
BTE,20250717 09:40:27.487000,2206999,3300,499214,1.86,IEX,12544
BTE,20250717 09:40:27.487000,2207000,200,499414,1.86,IEX,12544
BTE,20250717 09:40:27.487000,2207002,400,506014,1.86,IEX,12544
BTE,20250717 09:40:28.279000,2208597,4800,510814,1.85,NQNX,12544
BTE,20250717 09:40:29.103000,2210878,3000,513814,1.85,NQNX,12544
BTE,20250717 09:40:29.654000,2211801,9360,523174,1.85,NQNX,12544
BTE,20250717 09:40:31.057000,2215003,4900,528074,1.85,NQNX,12544
BTE,20250717 09:40:31.391000,2215615,8554,536628,1.85,NQNX,12544
BTE,20250717 09:40:31.622000,2215949,9860,546488,1.85,NQNX,12544
BTE,20250717 09:40:31.802000,2216193,500,546988,1.86,EDGX,12639
BTE,20250717 09:40:31.802000,2216194,250,547238,1.86,EDGX,12639
BTE,20250717 09:40:31.802000,2216195,100,547338,1.86,BATY,12639
BTE,20250717 09:40:31.802000,2216196,150,547488,1.86,EDGX,12639
BTE,20250717 09:40:31.802000,2216197,2,547490,1.86,BATY,12659
BTE,20250717 09:40:31.803000,2216199,2000,551490,1.85,NQNX,12544
BTE,20250717 09:40:31.803000,2216198,2000,549490,1.86,NQNX,12544
BTE,20250717 09:40:31.804000,2216203,500,551990,1.85,NQNX,12544
BTE,20250717 09:40:31.805000,2216205,250,552340,1.85,NQNX,12544
BTE,20250717 09:40:31.805000,2216204,100,552090,1.85,NQNX,12544
BTE,20250717 09:40:31.805000,2216206,150,552490,1.85,NQNX,12544
BTE,20250717 09:40:31.912000,2216484,9000,561490,1.85,NQNX,12544
BTE,20250717 09:40:33.328000,2219097,300,561790,1.86,NQNX,12544
BTE,20250717 09:40:33.329000,2219102,100,565090,1.86,EDGX,12639
BTE,20250717 09:40:33.329000,2219100,2850,564640,1.86,NYSE,12639
BTE,20250717 09:40:33.329000,2219101,350,564990,1.86,EDGX,12639
BTE,20250717 09:40:33.329000,2219103,100,565190,1.86,EDGX,12639
BTE,20250717 09:40:33.329000,2219106,100,565590,1.86,EDGX,12639
BTE,20250717 09:40:33.329000,2219104,100,565290,1.86,EDGE,12639
BTE,20250717 09:40:33.329000,2219105,200,565490,1.86,EDGX,12639
BTE,20250717 09:40:33.330000,2219112,300,565890,1.85,NQNX,12544
BTE,20250717 09:40:33.331000,2219117,100,566340,1.85,NQNX,12544
BTE,20250717 09:40:33.331000,2219116,350,566240,1.85,NQNX,12544
BTE,20250717 09:40:33.332000,2219121,100,566540,1.85,NQNX,12544
BTE,20250717 09:40:33.332000,2219120,100,566440,1.85,NQNX,12544
BTE,20250717 09:40:33.332000,2219124,200,566740,1.85,NQNX,12544
BTE,20250717 09:40:33.333000,2219125,100,566840,1.85,NQNX,12544
BTE,20250717 09:40:33.333000,2219129,1850,569690,1.85,NQNX,12544
BTE,20250717 09:40:33.333000,2219126,1000,567840,1.85,NQNX,12544
BTE,20250717 09:40:34.204000,2220944,6000,575690,1.85,NQNX,12544
BTE,20250717 09:40:34.223000,2220965,9000,584690,1.85,NQNX,12544
BTE,20250717 09:40:35.295000,2222889,9999,594689,1.85,NQNX,12544
BTE,20250717 09:40:36.205000,2224335,1500,596189,1.85,NQNX,12544
BTE,20250717 09:40:36.312000,2224456,4900,601089,1.85,NQNX,12544
BTE,20250717 09:40:36.648000,2225145,500,601589,1.86,NQNX,12544
BTE,20250717 09:40:36.650000,2225148,500,602089,1.85,NQNX,12544
BTE,20250717 09:40:37.488000,2226505,100,602189,1.86,NYSE,12639
BTE,20250717 09:40:37.940000,2227480,9999,612188,1.85,NQNX,12544
BTE,20250717 09:40:38.092000,2227690,9405,621593,1.85,NQNX,12544
BTE,20250717 09:40:39.053000,2229191,3000,624593,1.86,NQNX,12544
BTE,20250717 09:40:39.238000,2229690,500,625093,1.85,NQNX,12544
BTE,20250717 09:40:39.383000,2229882,500,625593,1.85,NQNX,12544
BTE,20250717 09:40:39.392000,2229896,500,626093,1.85,NQNX,12544
BTE,20250717 09:40:39.600000,2230338,1108,627201,1.85,NQNX,12544
BTE,20250717 09:40:39.600000,2230339,392,627593,1.85,NQNX,12544
BTE,20250717 09:40:41.021000,2232993,5000,632593,1.85,NQNX,12544
BTE,20250717 09:40:41.137000,2233225,2500,635093,1.85,NQNX,12544
BTE,20250717 09:40:42.099000,2234686,1500,636593,1.86,NQNX,12544
BTE,20250717 09:40:42.253000,2235068,4000,640593,1.85,NQNX,12544
BTE,20250717 09:40:42.548000,2235408,500,641093,1.85,NQNX,12544
BTE,20250717 09:40:42.695000,2235544,500,641593,1.85,NQNX,12544
BTE,20250717 09:40:42.767000,2235635,5000,646593,1.85,NQNX,12544
BTE,20250717 09:40:43.260000,2236596,1500,648093,1.86,BATS,12639
BTE,20250717 09:40:44.494000,2238826,1000,649093,1.85,NQNX,12544
BTE,20250717 09:40:45.153000,2240461,1500,650593,1.85,NQNX,12544
BTE,20250717 09:40:46.476000,2243060,4600,655193,1.85,NQNX,12544
BTE,20250717 09:40:47.111000,2244024,500,655693,1.85,NQNX,12544
BTE,20250717 09:40:49.518000,2248002,2000,657693,1.85,NQNX,12544
BTE,20250717 09:40:50.123000,2248999,500,658193,1.85,NQNX,12544
BTE,20250717 09:40:50.176000,2249098,9999,668192,1.85,NQNX,12544
BTE,20250717 09:40:55.608000,2258901,500,668692,1.85,NQNX,12544
BTE,20250717 09:40:55.720000,2259257,100,668792,1.85,NQEX,12544
BTE,20250717 09:40:55.816000,2259433,2300,671092,1.85,NQNX,12544
BTE,20250717 09:40:55.871000,2259555,700,671792,1.85,NQNX,12544
BTE,20250717 09:40:56.057000,2259975,4000,675792,1.85,NQNX,12544
BTE,20250717 09:40:59.807000,2267029,100,675892,1.85,NYSE,12639
BTE,20250717 09:41:02.193000,2272970,600,676492,1.85,NQNX,12544
BTE,20250717 09:41:02.406000,2273464,5000,681492,1.85,NQNX,12544
BTE,20250717 09:41:02.597000,2273783,1000,682492,1.86,NQNX,12544
BTE,20250717 09:41:03.441000,2275857,2100,684592,1.85,NQNX,12544
BTE,20250717 09:41:03.441000,2275858,100,684692,1.85,NQNX,12544
BTE,20250717 09:41:07.608000,2285507,600,685292,1.85,NQEX,12544
BTE,20250717 09:41:18.779000,2310739,1000,686292,1.86,NQNX,12544
BTE,20250717 09:41:21.850000,2317931,2500,688792,1.85,NQNX,12544
BTE,20250717 09:41:22.812000,2320347,1300,690092,1.85,PACF,12544
BTE,20250717 09:41:22.812000,2320348,1500,691592,1.85,NYSE,12544
BTE,20250717 09:41:23.461000,2321639,2200,693792,1.85,IEX,12544
BTE,20250717 09:41:23.461000,2321640,3400,697192,1.85,IEX,12544
BTE,20250717 09:41:23.468000,2321658,2200,699392,1.85,NQNX,12544
BTE,20250717 09:41:23.510000,2321731,1100,700492,1.85,NTRF,12544
BTE,20250717 09:41:24.252000,2323149,6000,706492,1.85,NQNX,12544
BTE,20250717 09:41:24.627000,2324223,3000,709492,1.85,NQNX,12544
BTE,20250717 09:41:25.199000,2325595,9999,719491,1.85,NQNX,12544
BTE,20250717 09:41:25.200000,2325598,3500,729191,1.85,NQNX,12544
BTE,20250717 09:41:25.200000,2325596,900,720391,1.85,NQNX,12544
BTE,20250717 09:41:25.200000,2325599,500,729691,1.85,NQNX,12544
BTE,20250717 09:41:25.200000,2325597,5300,725691,1.85,NQNX,12544
BTE,20250717 09:41:25.200000,2325600,4400,734091,1.85,NQNX,12544
BTE,20250717 09:41:25.201000,2325601,400,734491,1.85,NQNX,12544
BTE,20250717 09:41:25.201000,2325604,9999,744490,1.85,NQNX,12544
BTE,20250717 09:41:25.538000,2326223,8554,753044,1.85,NQNX,12544
BTE,20250717 09:41:25.675000,2326608,4900,757944,1.85,NQNX,12544
BTE,20250717 09:41:25.705000,2326658,9600,767544,1.85,NQNX,12544
BTE,20250717 09:41:26.010000,2327038,4000,771544,1.85,NQNX,12544
BTE,20250717 09:41:26.147000,2327263,3000,774544,1.85,NQNX,12544
BTE,20250717 09:41:26.160000,2327292,4800,779344,1.85,NQNX,12544
BTE,20250717 09:41:26.464000,2328055,4800,784144,1.85,NQNX,12544
BTE,20250717 09:41:26.617000,2328426,900,785044,1.85,EDGX,12639
BTE,20250717 09:41:26.619000,2328428,2300,787344,1.85,NQNX,12544
BTE,20250717 09:41:26.620000,2328429,900,788244,1.85,NQNX,12544
BTE,20250717 09:41:26.621000,2328433,1700,789944,1.85,NQNX,12544
BTE,20250717 09:41:27.289000,2329896,9405,799349,1.86,NQNX,12544
BTE,20250717 09:41:27.359000,2329984,5457,804806,1.85,NQNX,12544
BTE,20250717 09:41:27.359000,2329985,4542,809348,1.85,NQNX,12544
BTE,20250717 09:41:27.448000,2330181,7557,816905,1.85,NQNX,12544
BTE,20250717 09:41:27.448000,2330182,2442,819347,1.85,NQNX,12544
BTE,20250717 09:41:27.842000,2330725,4800,824147,1.85,NQNX,12544
BTE,20250717 09:41:27.925000,2330853,9860,834007,1.86,NQNX,12544
BTE,20250717 09:41:28.091000,2331232,100,834107,1.85,NQNX,12544
BTE,20250717 09:41:28.092000,2331233,400,834507,1.85,NQNX,12544
BTE,20250717 09:41:28.092000,2331234,1000,835507,1.85,NQNX,12544
BTE,20250717 09:41:28.093000,2331236,100,835607,1.85,NQNX,12544
BTE,20250717 09:41:28.094000,2331239,1000,837007,1.85,NQNX,12544
BTE,20250717 09:41:28.094000,2331238,400,836007,1.85,NQNX,12544
BTE,20250717 09:41:28.529000,2332100,1300,838307,1.85,EDGX,12639
BTE,20250717 09:41:28.531000,2332103,1300,842407,1.85,NQNX,12544
BTE,20250717 09:41:28.531000,2332101,2800,841107,1.85,NQNX,12544
BTE,20250717 09:41:28.532000,2332104,100,842507,1.85,NQNX,12544
BTE,20250717 09:41:29.023000,2333339,100,842607,1.85,NQNX,12544
BTE,20250717 09:41:30.621000,2336556,100,842707,1.85,NQNX,12544
BTE,20250717 09:41:30.943000,2337013,5000,847707,1.85,NQNX,12544
BTE,20250717 09:41:32.301000,2340133,1458,849165,1.85,NQNX,12544
BTE,20250717 09:41:32.905000,2341858,500,849665,1.86,NQNX,12544
BTE,20250717 09:41:33.280000,2342719,1500,851165,1.85,NQNX,12544
BTE,20250717 09:41:35.132000,2346266,5000,856165,1.85,NQNX,12544
BTE,20250717 09:41:35.181000,2346506,500,856665,1.85,NQNX,12544
BTE,20250717 09:41:36.395000,2349239,5000,861665,1.85,NQNX,12544
BTE,20250717 09:41:36.772000,2349910,1500,863165,1.85,NQNX,12544
BTE,20250717 09:41:38.482000,2353350,1500,864665,1.85,NQNX,12544
BTE,20250717 09:41:39.505000,2355528,500,865165,1.86,NQNX,12544
BTE,20250717 09:41:41.009000,2359076,8720,873885,1.85,NQNX,12544
BTE,20250717 09:41:41.757000,2360597,9567,883452,1.85,NQNX,12544
BTE,20250717 09:41:45.096000,2367369,100,883552,1.85,NQEX,12639
BTE,20250717 09:41:45.275000,2367780,4100,887652,1.85,NQNX,12544
BTE,20250717 09:41:45.416000,2368071,9000,896652,1.86,NQNX,12544
BTE,20250717 09:41:45.507000,2368394,50,896702,1.85,BATY,12659
BTE,20250717 09:41:47.884000,2372964,7500,904202,1.85,NQNX,12544
BTE,20250717 09:41:52.050000,2380994,10,904212,1.85,NQNX,12659
BTE,20250717 09:42:00.076000,2398116,1,904213,1.85,NQNX,12659
BTE,20250717 09:42:01.678000,2402661,600,904813,1.86,NQNX,12544
BTE,20250717 09:42:06.294000,2416314,600,905413,1.86,NQNX,12544
BTE,20250717 09:42:06.589000,2417556,100,905513,1.85,BATS,12639
BTE,20250717 09:42:11.437000,2428653,600,906113,1.86,NQNX,12544
BTE,20250717 09:42:12.323000,2430716,600,906713,1.86,NQNX,12544
BTE,20250717 09:42:13.372000,2433285,4600,911313,1.85,NQNX,12544
BTE,20250717 09:42:19.994000,2448206,600,911913,1.86,NQNX,12544
BTE,20250717 09:42:21.808000,2451849,600,912513,1.86,NQNX,12544
BTE,20250717 09:42:30.395000,2471618,800,913313,1.85,NQNX,12544
BTE,20250717 09:42:32.104000,2475688,5000,918313,1.85,NQNX,12544
BTE,20250717 09:42:32.200000,2475868,100,918413,1.85,NQNX,12544
BTE,20250717 09:42:33.235000,2478351,100,918513,1.85,NQNX,12544
BTE,20250717 09:42:37.795000,2491137,600,919113,1.85,NQNX,12544
BTE,20250717 09:42:45.085000,2508965,100,919213,1.85,PACF,12639
BTE,20250717 09:42:45.551000,2510361,600,919813,1.85,NQNX,12544
BTE,20250717 09:42:49.911000,2518385,800,920613,1.86,NQNX,12544
BTE,20250717 09:42:57.723000,2535507,600,921213,1.85,NQNX,12544
BTE,20250717 09:43:01.409000,2543016,600,921813,1.85,NQNX,12544
BTE,20250717 09:43:04.579000,2551242,1500,923313,1.85,NQNX,12544
BTE,20250717 09:43:16.636000,2576606,100,923413,1.86,IEX,12544
BTE,20250717 09:43:18.987000,2582085,800,924213,1.85,NQNX,12544
BTE,20250717 09:43:30.542000,2603483,1150,925363,1.85,NQNX,12544
BTE,20250717 09:43:31.890000,2606374,1150,926513,1.85,NQNX,12544
BTE,20250717 09:43:32.494000,2607275,100,926613,1.85,BATS,12639
BTE,20250717 09:43:34.033000,2610977,800,927413,1.86,NQNX,12544
BTE,20250717 09:43:39.263000,2620873,800,928213,1.85,NQNX,12544
BTE,20250717 09:43:45.653000,2634773,800,929013,1.86,NQNX,12544
BTE,20250717 09:43:52.311000,2646773,800,929813,1.85,NQNX,12544
BTE,20250717 09:44:01.279000,2660438,100,929913,1.86,IEX,12544
BTE,20250717 09:44:04.951000,2667127,800,930713,1.86,NQNX,12544
BTE,20250717 09:44:10.115000,2677197,900,931613,1.85,NQNX,12544
BTE,20250717 09:44:11.054000,2679132,3670,935283,1.85,NQNX,12544
BTE,20250717 09:44:18.489000,2694498,900,936183,1.86,NQNX,12544
BTE,20250717 09:44:24.226000,2706282,900,937083,1.85,NQNX,12544
BTE,20250717 09:44:26.651000,2710776,900,937983,1.86,NQNX,12544
BTE,20250717 09:44:30.310000,2716710,100,938083,1.85,NQNX,12544
BTE,20250717 09:44:30.953000,2717872,1458,939541,1.85,NQNX,12544
BTE,20250717 09:44:31.094000,2718145,900,940441,1.85,NQNX,12544
BTE,20250717 09:44:31.248000,2718335,100,940541,1.85,NQNX,12544
BTE,20250717 09:44:31.895000,2718998,7500,948041,1.85,NQNX,12544
BTE,20250717 09:44:32.422000,2719878,100,948141,1.86,NYSE,12639
BTE,20250717 09:44:32.830000,2720862,4800,952941,1.85,NQNX,12544
BTE,20250717 09:44:35.950000,2725797,1500,954441,1.85,NQNX,12544
BTE,20250717 09:44:37.151000,2728127,900,955341,1.86,NQNX,12544
BTE,20250717 09:44:40.626000,2736052,8720,964061,1.85,NQNX,12544
BTE,20250717 09:44:40.924000,2736528,6,1007537,1.86,BATY,12659
BTE,20250717 09:44:40.924000,2736527,4,1007531,1.86,BATY,12659
BTE,20250717 09:44:40.924000,2736526,6,1007527,1.86,BATY,12659
BTE,20250717 09:44:40.924000,2736522,700,992561,1.86,PACF,12544
BTE,20250717 09:44:40.924000,2736523,14560,1007121,1.86,NYSE,12544
BTE,20250717 09:44:40.924000,2736524,200,1007321,1.86,PACF,12544
BTE,20250717 09:44:40.924000,2736525,200,1007521,1.86,PACF,12544
BTE,20250717 09:44:40.924000,2736539,4800,1031835,1.86,MEMX,12544
BTE,20250717 09:44:40.924000,2736538,3800,1027035,1.86,EDGX,12544
BTE,20250717 09:44:40.924000,2736537,2800,1023235,1.86,BATS,12544
BTE,20250717 09:44:40.924000,2736536,4400,1020435,1.86,BATS,12544
BTE,20250717 09:44:40.924000,2736529,3500,1011037,1.86,BATS,12544
BTE,20250717 09:44:40.924000,2736534,100,1015660,1.86,BATY,12639
BTE,20250717 09:44:40.924000,2736532,900,1015560,1.86,EDGX,12544
BTE,20250717 09:44:40.924000,2736531,1400,1014660,1.86,BATS,12544
BTE,20250717 09:44:40.924000,2736530,2223,1013260,1.86,EDGX,12544
BTE,20250717 09:44:40.924000,2736535,375,1016035,1.86,EDGX,12544
BTE,20250717 09:44:40.924000,2736521,100,991861,1.86,BATY,12639
BTE,20250717 09:44:40.924000,2736520,100,991761,1.86,BATY,12639
BTE,20250717 09:44:40.924000,2736550,9500,1060111,1.86,IEX,12544
BTE,20250717 09:44:40.924000,2736551,1200,1061311,1.86,IEX,12544
BTE,20250717 09:44:40.924000,2736552,3800,1065111,1.86,MIAX,12544
BTE,20250717 09:44:40.924000,2736553,2500,1067611,1.86,IEX,12544
BTE,20250717 09:44:40.924000,2736549,2800,1050611,1.86,IEX,12544
BTE,20250717 09:44:40.924000,2736555,200,1068511,1.86,NQEX,12544
BTE,20250717 09:44:40.924000,2736556,200,1068711,1.86,NQEX,12544
BTE,20250717 09:44:40.924000,2736557,3600,1072311,1.86,NQEX,12544
BTE,20250717 09:44:40.924000,2736558,100,1072411,1.86,EDGE,12639
BTE,20250717 09:44:40.924000,2736554,700,1068311,1.86,NQEX,12544
BTE,20250717 09:44:40.924000,2736548,3100,1047811,1.86,IEX,12544
BTE,20250717 09:44:40.924000,2736519,100,991661,1.86,BATY,12639
BTE,20250717 09:44:40.924000,2736518,100,991561,1.86,BATY,12639
BTE,20250717 09:44:40.924000,2736517,27400,991461,1.86,NYSE,12639
BTE,20250717 09:44:40.924000,2736541,4800,1039367,1.86,BATS,12544
BTE,20250717 09:44:40.924000,2736542,3800,1043167,1.86,EDGX,12544
BTE,20250717 09:44:40.924000,2736543,100,1043267,1.86,BATY,12639
BTE,20250717 09:44:40.924000,2736544,16,1043283,1.86,BATY,12659
BTE,20250717 09:44:40.924000,2736545,100,1043383,1.86,BATY,12639
BTE,20250717 09:44:40.924000,2736546,828,1044211,1.86,BATY,12639
BTE,20250717 09:44:40.924000,2736547,500,1044711,1.86,IEX,12544
BTE,20250717 09:44:40.924000,2736540,2732,1034567,1.86,MEMX,12544
BTE,20250717 09:44:40.925000,2736559,100,1072511,1.86,EDGE,12639
BTE,20250717 09:44:40.925000,2736560,17,1072528,1.86,EDGE,12659
BTE,20250717 09:44:40.931000,2736569,6400,1078928,1.86,NQNX,12544
BTE,20250717 09:44:41.044000,2736864,1100,1080028,1.86,CINC,12639
BTE,20250717 09:44:41.081000,2736920,100,1080128,1.86,NQNX,12544
BTE,20250717 09:44:42.049000,2739478,42,1080170,1.87,NQNX,12659
BTE,20250717 09:44:42.049000,2739486,981,1086747,1.86,NQNX,12544
BTE,20250717 09:44:42.049000,2739479,42,1080212,1.86,NQNX,12659
BTE,20250717 09:44:42.049000,2739482,2777,1085766,1.86,NQNX,12544
BTE,20250717 09:44:42.049000,2739481,2777,1082989,1.87,NQNX,12544
BTE,20250717 09:44:45.867000,2747888,200,1086947,1.86,NQNX,12544
BTE,20250717 09:44:47.377000,2749959,100,1087047,1.86,NQNX,12544
BTE,20250717 09:44:49.520000,2754668,3400,1090447,1.86,NQNX,12544
BTE,20250717 09:44:51.827000,2758787,900,1091347,1.86,NQNX,12544
BTE,20250717 09:44:51.984000,2759453,4600,1095947,1.86,NQNX,12544
BTE,20250717 09:44:52.854000,2760889,800,1096747,1.86,NQNX,12544
BTE,20250717 09:44:54.673000,2763331,900,1097647,1.86,NQNX,12544
BTE,20250717 09:44:54.808000,2763466,10460,1108107,1.86,PACF,12544
BTE,20250717 09:44:54.808000,2763467,10460,1118567,1.86,NYSE,12544
BTE,20250717 09:44:59.399000,2770172,1000,1119567,1.86,NQNX,12544
BTE,20250717 09:44:59.990000,2770978,100,1119667,1.86,NYSE,12639
BTE,20250717 09:45:17.697000,2814298,1000,1120667,1.86,NQNX,12544
BTE,20250717 09:45:25.419000,2832926,3800,1124467,1.86,NQNX,12544
BTE,20250717 09:45:28.709000,2842184,200,1124667,1.86,NQNX,12544
BTE,20250717 09:45:30.861000,2846156,100,1124767,1.87,BATY,12639
BTE,20250717 09:45:33.943000,2854077,800,1125567,1.87,NQNX,12544
BTE,20250717 09:45:36.957000,2859751,20,1125587,1.86,NQNX,12659
BTE,20250717 09:45:38.443000,2863418,777,1126364,1.86,NQNX,12544
BTE,20250717 09:45:44.682000,2876567,800,1127164,1.86,NQNX,12544
BTE,20250717 09:45:48.580000,2884784,620,1127784,1.86,PACF,12544
BTE,20250717 09:45:55.711000,2899318,800,1128584,1.86,NQNX,12544
BTE,20250717 09:45:58.691000,2905066,100,1128684,1.86,NQEX,12639
BTE,20250717 09:45:59.528000,2906651,800,1129484,1.86,NQNX,12544
BTE,20250717 09:45:59.904000,2907247,1800,1131284,1.86,NQEX,12639
BTE,20250717 09:46:14.552000,2948329,100,1131384,1.87,NTRF,12544
BTE,20250717 09:46:14.730000,2948555,3,1131387,1.86,BATY,12659
BTE,20250717 09:46:14.736000,2948562,97,1131484,1.86,IEX,12659
BTE,20250717 09:46:18.408000,2957942,9000,1140484,1.86,NQNX,12544
BTE,20250717 09:46:37.609000,2999834,100,1140584,1.86,NYSE,12639
BTE,20250717 09:46:39.742000,3005474,8995,1149579,1.86,NQNX,12544
BTE,20250717 09:46:41.199000,3008290,8621,1158200,1.86,NQNX,12544
BTE,20250717 09:46:42.158000,3009772,100,1158300,1.86,NQNX,12544
BTE,20250717 09:46:43.537000,3011908,100,1158400,1.87,NQNX,12544
BTE,20250717 09:46:45.622000,3015663,100,1158500,1.87,NQNX,12544
BTE,20250717 09:46:47.040000,3020009,100,1158600,1.86,NQNX,12544
BTE,20250717 09:46:48.369000,3022503,3000,1161600,1.87,NQNX,12544
BTE,20250717 09:46:48.523000,3022706,100,1161700,1.87,NQNX,12544
BTE,20250717 09:46:49.446000,3024310,100,1161800,1.87,NQNX,12544
BTE,20250717 09:46:49.650000,3024775,1602,1163402,1.86,NTRF,12544
BTE,20250717 09:46:49.736000,3024893,100,1163502,1.86,NQNX,12544
BTE,20250717 09:46:50.704000,3026922,100,1163602,1.86,NQNX,12544
BTE,20250717 09:46:50.897000,3027454,9350,1172952,1.87,NQNX,12544
BTE,20250717 09:46:51.719000,3030130,100,1173052,1.86,NQNX,12544
BTE,20250717 09:46:51.905000,3030449,9460,1182512,1.87,NQNX,12544
BTE,20250717 09:46:52.834000,3032316,100,1182612,1.87,NQNX,12544
BTE,20250717 09:46:52.983000,3032676,9350,1191962,1.87,NQNX,12544
BTE,20250717 09:46:54.028000,3034599,100,1192062,1.86,NQNX,12544
BTE,20250717 09:46:54.108000,3034724,100,1192162,1.86,NQNX,12544
BTE,20250717 09:46:54.181000,3034830,1500,1193662,1.86,NQNX,12544
BTE,20250717 09:46:54.182000,3034831,185,1193847,1.86,CINC,12544
BTE,20250717 09:46:55.466000,3037378,100,1193947,1.87,NQNX,12544
BTE,20250717 09:46:55.470000,3037389,9750,1203697,1.87,NQNX,12544
BTE,20250717 09:46:55.524000,3037469,9830,1213527,1.87,NQNX,12544
BTE,20250717 09:46:56.057000,3038645,100,1213627,1.86,NQNX,12544
BTE,20250717 09:46:56.634000,3040067,1500,1215127,1.86,NQNX,12544
BTE,20250717 09:46:57.109000,3041030,100,1215227,1.86,NQNX,12544
BTE,20250717 09:46:57.577000,3041628,7487,1222714,1.87,NQNX,12544
BTE,20250717 09:46:57.577000,3041629,2263,1224977,1.87,NQNX,12544
BTE,20250717 09:46:58.345000,3042809,100,1225077,1.87,NQNX,12544
BTE,20250717 09:46:58.380000,3042857,9350,1234427,1.87,NQNX,12544
BTE,20250717 09:46:59.572000,3045526,100,1234527,1.86,NQNX,12544
BTE,20250717 09:46:59.677000,3045628,100,1234627,1.86,NQNX,12544
BTE,20250717 09:47:00.782000,3047887,9830,1244457,1.86,NQNX,12544
BTE,20250717 09:47:01.165000,3048862,9460,1253917,1.86,NQNX,12544
BTE,20250717 09:47:01.855000,3051525,100,1254017,1.86,NQNX,12544
BTE,20250717 09:47:01.865000,3051557,100,1254117,1.86,NQNX,12544
BTE,20250717 09:47:02.436000,3053313,100,1254217,1.86,NQNX,12544
BTE,20250717 09:47:03.296000,3055493,100,1254317,1.86,NQNX,12544
BTE,20250717 09:47:04.463000,3058121,100,1254417,1.86,NQNX,12544
BTE,20250717 09:47:04.740000,3058667,7500,1261917,1.86,NQNX,12544
BTE,20250717 09:47:05.795000,3060908,100,1262017,1.86,NYSE,12639
BTE,20250717 09:47:10.931000,3071732,400,1262417,1.86,NQNX,12544
BTE,20250717 09:47:30.240000,3110000,100,1262517,1.86,EDGX,12639
BTE,20250717 09:48:00.234000,3175008,800,1263317,1.86,NQNX,12544
BTE,20250717 09:48:02.344000,3179723,499,1263816,1.87,NTRF,12544
BTE,20250717 09:48:04.300000,3184227,3,1263819,1.86,NQNX,12659
BTE,20250717 09:48:11.229000,3199977,100,1263919,1.86,NQEX,12639
BTE,20250717 09:48:23.230000,3224172,10860,1274779,1.86,PACF,12544
BTE,20250717 09:48:23.230000,3224173,10840,1285619,1.86,NYSE,12544
BTE,20250717 09:48:23.231000,3224175,10900,1296519,1.86,EDGX,12544
BTE,20250717 09:48:23.231000,3224177,9000,1316419,1.86,NQEX,12544
BTE,20250717 09:48:23.231000,3224176,10900,1307419,1.86,BATS,12544
BTE,20250717 09:48:33.289000,3244291,1,1316420,1.86,NQNX,12659
BTE,20250717 09:48:37.769000,3251541,100,1316520,1.86,NYSE,12639
BTE,20250717 09:48:41.838000,3258441,600,1317120,1.86,NQNX,12544
BTE,20250717 09:48:52.462000,3282694,600,1317720,1.86,NQNX,12544
BTE,20250717 09:48:56.804000,3290736,500,1318220,1.87,NQNX,12544
BTE,20250717 09:49:00.721000,3298919,100,1318320,1.86,NQNX,12544
BTE,20250717 09:49:01.371000,3300210,100,1318420,1.86,NYSE,12639
BTE,20250717 09:49:01.631000,3300893,100,1318520,1.86,NQNX,12544
BTE,20250717 09:49:03.069000,3303453,500,1319020,1.87,NQNX,12544
BTE,20250717 09:49:16.877000,3337213,700,1319720,1.86,NQNX,12544
BTE,20250717 09:49:19.860000,3344168,700,1320420,1.86,NQNX,12544
BTE,20250717 09:49:24.962000,3356417,600,1321020,1.87,NQNX,12544
BTE,20250717 09:49:26.248000,3358839,500,1321520,1.87,NQNX,12544
BTE,20250717 09:49:30.242000,3367212,300,1321820,1.86,NQNX,12544
BTE,20250717 09:49:30.243000,3367213,950,1322770,1.86,NQNX,12544
BTE,20250717 09:49:38.307000,3383572,100,1322870,1.86,NYSE,12639
BTE,20250717 09:49:38.541000,3384520,100,1322970,1.86,NYSE,12639
BTE,20250717 09:49:43.570000,3397645,8900,1331870,1.86,NQNX,12544
BTE,20250717 09:49:43.570000,3397646,100,1331970,1.87,CINC,12544
BTE,20250717 09:49:44.648000,3400233,100,1332070,1.86,NQNX,12544
BTE,20250717 09:49:45.360000,3402200,100,1332170,1.86,NQNX,12544
BTE,20250717 09:49:46.215000,3404715,200,1332370,1.86,NQNX,12544
BTE,20250717 09:49:51.740000,3416716,63,1332433,1.86,NQNX,12659
BTE,20250717 09:49:53.803000,3422110,4900,1337333,1.86,NQNX,12544
BTE,20250717 09:49:53.844000,3422153,600,1337933,1.87,NQNX,12544
BTE,20250717 09:49:54.245000,3423207,4900,1342833,1.86,NQNX,12544
BTE,20250717 09:49:55.509000,3426044,2300,1345133,1.86,NQNX,12544
BTE,20250717 09:49:55.763000,3426656,1602,1346735,1.86,NQNX,12544
BTE,20250717 09:49:56.041000,3427344,508,1347243,1.86,NQNX,12544
BTE,20250717 09:49:56.886000,3428796,600,1347843,1.87,NQNX,12544
BTE,20250717 09:49:56.993000,3429022,508,1348351,1.86,NQNX,12544
BTE,20250717 09:49:57.037000,3429067,3,1348454,1.87,CINC,12659
BTE,20250717 09:49:57.037000,3429066,100,1348451,1.87,CINC,12639
BTE,20250717 09:49:57.037000,3429068,100,1348554,1.87,CINC,12639
BTE,20250717 09:49:58.207000,3431059,4800,1353354,1.86,NQNX,12544
BTE,20250717 09:49:58.529000,3431596,9567,1362921,1.87,NQNX,12544
BTE,20250717 09:49:58.531000,3431601,9567,1372488,1.86,NQNX,12544
BTE,20250717 09:49:58.583000,3431639,9690,1382178,1.86,NQNX,12544
BTE,20250717 09:49:58.870000,3432110,1500,1383678,1.86,NQNX,12544
BTE,20250717 09:49:58.907000,3432168,1100,1384778,1.86,NQNX,12544
BTE,20250717 09:49:58.953000,3432355,8621,1393399,1.86,NQNX,12544
BTE,20250717 09:49:59.167000,3432907,1500,1394899,1.86,NQNX,12544
BTE,20250717 09:49:59.489000,3433580,1602,1396501,1.86,NQNX,12544
BTE,20250717 09:49:59.833000,3434217,1,1406192,1.87,CINC,12659
BTE,20250717 09:49:59.833000,3434216,9690,1406191,1.86,NQNX,12544
BTE,20250717 09:49:59.833000,3434218,99,1406291,1.87,CINC,12659
BTE,20250717 09:49:59.834000,3434220,100,1406392,1.87,BATY,12544
BTE,20250717 09:49:59.834000,3434221,2,1406394,1.87,BATY,12659
BTE,20250717 09:49:59.834000,3434228,100,1409594,1.87,BATY,12639
BTE,20250717 09:49:59.834000,3434229,1369,1410963,1.87,BATY,12639
BTE,20250717 09:49:59.834000,3434219,1,1406292,1.87,CINC,12659
BTE,20250717 09:49:59.834000,3434227,2,1409494,1.87,BATY,12659
BTE,20250717 09:49:59.834000,3434225,277,1409492,1.87,EDGX,12544
BTE,20250717 09:49:59.834000,3434224,2223,1409215,1.87,EDGX,12544
BTE,20250717 09:49:59.834000,3434223,500,1406992,1.87,BATS,12544
BTE,20250717 09:49:59.834000,3434222,98,1406492,1.87,BATY,12659
BTE,20250717 09:49:59.834000,3434230,25100,1436063,1.87,NYSE,12544
BTE,20250717 09:49:59.848000,3434249,100,1436163,1.87,BATY,12639
BTE,20250717 09:50:00.694000,3437487,9690,1445853,1.86,NQNX,12544
BTE,20250717 09:50:00.855000,3437938,9390,1455841,1.87,NYSE,12639
BTE,20250717 09:50:00.855000,3437936,375,1446451,1.87,EDGX,12639
BTE,20250717 09:50:00.855000,3437935,223,1446076,1.87,EDGX,12639
BTE,20250717 09:50:00.858000,3437946,4700,1461139,1.86,NQNX,12544
BTE,20250717 09:50:00.858000,3437944,375,1456439,1.86,NQNX,12544
BTE,20250717 09:50:00.858000,3437943,223,1456064,1.86,NQNX,12544
BTE,20250717 09:50:00.858000,3437947,4690,1465829,1.86,NQNX,12544
BTE,20250717 09:50:01.091000,3438702,889,1466718,1.87,IEX,12544
BTE,20250717 09:50:01.115000,3438769,1500,1468218,1.86,NQNX,12544
BTE,20250717 09:50:01.253000,3439029,330,1468548,1.87,IEX,12544
BTE,20250717 09:50:01.271000,3439056,9830,1478378,1.86,NQNX,12544
BTE,20250717 09:50:01.362000,3439311,830,1479208,1.86,NQNX,12544
BTE,20250717 09:50:01.455000,3439637,9830,1489038,1.86,NQNX,12544
BTE,20250717 09:50:01.734000,3440775,9690,1498728,1.86,NQNX,12544
BTE,20250717 09:50:01.966000,3441300,1500,1500228,1.87,NYSE,12639
BTE,20250717 09:50:01.969000,3441304,600,1500828,1.86,NQNX,12544
BTE,20250717 09:50:01.969000,3441305,200,1501028,1.86,NQNX,12544
BTE,20250717 09:50:01.970000,3441306,700,1501728,1.86,NQNX,12544
BTE,20250717 09:50:01.984000,3441334,4600,1506328,1.86,NQNX,12544
BTE,20250717 09:50:02.087000,3441528,9830,1516158,1.86,NQNX,12544
BTE,20250717 09:50:02.829000,3443341,4800,1520958,1.86,NQNX,12544
BTE,20250717 09:50:02.884000,3443413,8995,1529953,1.86,NQNX,12544
BTE,20250717 09:50:03.120000,3443955,90,1530043,1.86,NQNX,12659
BTE,20250717 09:50:03.257000,3444234,3860,1533903,1.86,NQNX,12544
BTE,20250717 09:50:03.296000,3444324,4900,1538803,1.86,NQNX,12544
BTE,20250717 09:50:03.319000,3444436,1500,1540303,1.86,NQNX,12544
BTE,20250717 09:50:03.369000,3444700,1,1540304,1.87,MIAX,12659
BTE,20250717 09:50:03.427000,3444793,998,1541302,1.86,NQNX,12544
BTE,20250717 09:50:03.599000,3445193,9830,1551132,1.86,NQNX,12544
BTE,20250717 09:50:03.751000,3445557,8502,1559634,1.86,NQNX,12544
BTE,20250717 09:50:03.813000,3445686,5755,1565389,1.86,NQNX,12544
BTE,20250717 09:50:03.813000,3445687,3145,1568534,1.86,NQNX,12544
BTE,20250717 09:50:03.871000,3445858,9000,1577534,1.87,NQNX,12544
BTE,20250717 09:50:04.135000,3446292,4250,1582534,1.87,NYSE,12639
BTE,20250717 09:50:04.135000,3446291,750,1578284,1.87,MEMX,12639
BTE,20250717 09:50:04.137000,3446295,750,1583284,1.86,NQNX,12544
BTE,20250717 09:50:04.137000,3446296,2150,1585434,1.86,NQNX,12544
BTE,20250717 09:50:04.138000,3446298,2100,1587534,1.86,NQNX,12544
BTE,20250717 09:50:04.643000,3448494,4900,1592434,1.86,NQNX,12544
BTE,20250717 09:50:04.675000,3448590,5700,1598134,1.86,NQNX,12544
BTE,20250717 09:50:04.740000,3448747,1,1614436,1.87,PACF,12659
BTE,20250717 09:50:04.740000,3448756,1300,1616406,1.87,IEX,12544
BTE,20250717 09:50:04.740000,3448746,1,1614435,1.87,PACF,12659
BTE,20250717 09:50:04.740000,3448745,16300,1614434,1.87,NYSE,12639
BTE,20250717 09:50:04.740000,3448755,670,1615106,1.87,IEX,12544
BTE,20250717 09:50:04.741000,3448765,100,1616508,1.87,BATS,12639
BTE,20250717 09:50:04.741000,3448764,2,1616408,1.87,BATS,12659
BTE,20250717 09:50:04.741000,3448766,1369,1617877,1.87,BATS,12639
BTE,20250717 09:50:04.745000,3448787,100,1617977,1.87,IEX,12544
BTE,20250717 09:50:04.834000,3449059,889,1618866,1.87,NQNX,12544
BTE,20250717 09:50:04.996000,3449284,8900,1627766,1.87,NQNX,12544
BTE,20250717 09:50:04.998000,3449288,100,1627866,1.88,NQNX,12544
BTE,20250717 09:50:05.008000,3449312,90,1627956,1.87,NQNX,12659
BTE,20250717 09:50:05.083000,3449444,830,1628786,1.87,NQNX,12544
BTE,20250717 09:50:05.084000,3449452,330,1629116,1.87,NQNX,12544
BTE,20250717 09:50:05.440000,3450382,7500,1636616,1.87,NQNX,12544
BTE,20250717 09:50:05.933000,3451826,2300,1638916,1.87,NQNX,12544
BTE,20250717 09:50:05.966000,3451905,9999,1648915,1.87,NQNX,12544
BTE,20250717 09:50:06.078000,3452103,56,1648971,1.87,CINC,12659
BTE,20250717 09:50:06.713000,3453176,508,1649479,1.87,NQNX,12544
BTE,20250717 09:50:06.897000,3453754,9504,1658983,1.87,NQNX,12544
BTE,20250717 09:50:06.949000,3453811,1602,1660585,1.87,NQNX,12544
BTE,20250717 09:50:07.262000,3454374,5000,1665585,1.87,NQNX,12544
BTE,20250717 09:50:07.266000,3454378,198,1665783,1.87,CINC,12544
BTE,20250717 09:50:07.267000,3454384,63,1669256,1.87,NQNX,12659
BTE,20250717 09:50:07.267000,3454383,3210,1669193,1.87,NQNX,12544
BTE,20250717 09:50:07.267000,3454381,200,1665983,1.87,NQNX,12544
BTE,20250717 09:50:07.267000,3454385,102,1669358,1.87,NQNX,12544
BTE,20250717 09:50:07.268000,3454386,5000,1674358,1.87,NQNX,12544
BTE,20250717 09:50:07.268000,3454387,90,1674448,1.87,NQNX,12659
BTE,20250717 09:50:07.269000,3454392,198,1679936,1.87,NQNX,12544
BTE,20250717 09:50:07.269000,3454391,200,1679738,1.87,NQNX,12544
BTE,20250717 09:50:07.269000,3454389,90,1679538,1.87,NQNX,12659
BTE,20250717 09:50:07.269000,3454388,5000,1679448,1.87,NQNX,12544
BTE,20250717 09:50:07.270000,3454394,63,1683209,1.87,NQNX,12659
BTE,20250717 09:50:07.270000,3454395,102,1683311,1.87,NQNX,12544
BTE,20250717 09:50:07.270000,3454393,3210,1683146,1.87,NQNX,12544
BTE,20250717 09:50:07.271000,3454396,137,1683448,1.87,NQNX,12544
BTE,20250717 09:50:07.307000,3454495,4900,1688348,1.87,NQNX,12544
BTE,20250717 09:50:07.497000,3454769,100,1688448,1.87,NQNX,12544
BTE,20250717 09:50:07.499000,3454771,100,1688548,1.87,NQNX,12544
BTE,20250717 09:50:07.501000,3454773,1400,1689948,1.87,NQNX,12544
BTE,20250717 09:50:07.878000,3455606,2637,1692585,1.87,EDGX,12639
BTE,20250717 09:50:07.880000,3455608,2163,1694748,1.87,NQNX,12544
BTE,20250717 09:50:07.880000,3455611,2637,1697385,1.87,NQNX,12544
BTE,20250717 09:50:07.946000,3455762,4900,1702285,1.87,NQNX,12544
BTE,20250717 09:50:08.241000,3456352,1500,1703785,1.87,NQNX,12544
BTE,20250717 09:50:08.250000,3456361,4900,1708685,1.87,NQNX,12544
BTE,20250717 09:50:08.261000,3456406,508,1709193,1.87,NQNX,12544
BTE,20250717 09:50:08.544000,3457088,300,1709493,1.87,NQNX,12544
BTE,20250717 09:50:08.545000,3457089,4600,1714093,1.87,NQNX,12544
BTE,20250717 09:50:08.546000,3457090,300,1714393,1.87,NQNX,12544
BTE,20250717 09:50:08.547000,3457091,4600,1718993,1.87,NQNX,12544
BTE,20250717 09:50:08.704000,3457461,4600,1723593,1.87,NQNX,12544
BTE,20250717 09:50:09.411000,3458718,2300,1725893,1.87,NQNX,12544
BTE,20250717 09:50:09.477000,3458788,1500,1727393,1.87,NQNX,12544
BTE,20250717 09:50:09.993000,3461548,4800,1732193,1.87,NQNX,12544
BTE,20250717 09:50:10.122000,3462061,499,1732692,1.87,NQNX,12544
BTE,20250717 09:50:10.222000,3462203,9988,1742680,1.87,NQNX,12544
BTE,20250717 09:50:10.874000,3463833,3163,1745905,1.87,EDGX,12639
BTE,20250717 09:50:10.874000,3463832,62,1742742,1.87,MEMX,12659
BTE,20250717 09:50:10.874000,3463834,375,1746280,1.87,EDGX,12639
BTE,20250717 09:50:10.874000,3463835,1400,1747680,1.87,EDGX,12639
BTE,20250717 09:50:10.877000,3463837,62,1747742,1.87,NQNX,12659
BTE,20250717 09:50:10.877000,3463839,375,1751280,1.87,NQNX,12544
BTE,20250717 09:50:10.877000,3463838,3163,1750905,1.87,NQNX,12544
BTE,20250717 09:50:10.878000,3463841,1400,1752680,1.87,NQNX,12544
BTE,20250717 09:50:10.883000,3463846,4800,1757480,1.87,NQNX,12544
BTE,20250717 09:50:11.276000,3465299,499,1757979,1.87,NQNX,12544
BTE,20250717 09:50:12.206000,3467337,8502,1766481,1.87,NTRF,12544
BTE,20250717 09:50:12.340000,3467470,9000,1775481,1.87,NQNX,12544
BTE,20250717 09:50:14.022000,3473347,9504,1784985,1.88,NQNX,12544
BTE,20250717 09:50:14.596000,3474864,1722,1786707,1.87,NQNX,12544
BTE,20250717 09:50:15.395000,3476721,9999,1796706,1.88,NQNX,12544
BTE,20250717 09:50:15.572000,3477330,3,1796709,1.86,NQNX,12640
BTE,20250717 09:50:18.344000,3482454,2000,1798709,1.87,NQNX,12544
BTE,20250717 09:50:18.972000,3483494,100,1798809,1.87,NQNX,12544
BTE,20250717 09:50:19.086000,3483655,100,1798909,1.87,NQNX,12544
BTE,20250717 09:50:20.010000,3485887,100,1799009,1.87,NQNX,12544
BTE,20250717 09:50:20.235000,3486359,100,1799109,1.87,NQNX,12544
BTE,20250717 09:50:20.779000,3487324,90,1799199,1.88,NQNX,12659
BTE,20250717 09:50:21.348000,3488449,8900,1808099,1.87,NQNX,12544
BTE,20250717 09:50:21.591000,3488882,5000,1813099,1.87,NQNX,12544
BTE,20250717 09:50:22.113000,3490306,100,1813199,1.87,NQNX,12544
BTE,20250717 09:50:22.867000,3492716,9384,1822583,1.87,NQNX,12544
BTE,20250717 09:50:33.305000,3515708,8433,1831016,1.87,NQNX,12544
BTE,20250717 09:50:33.983000,3517246,800,1831816,1.87,NQNX,12544
BTE,20250717 09:50:43.188000,3536847,1000,1832816,1.87,NQNX,12544
BTE,20250717 09:50:45.284000,3540672,8900,1841716,1.87,NQNX,12544
BTE,20250717 09:50:46.554000,3543337,90,1841806,1.88,NQNX,12659
BTE,20250717 09:50:47.955000,3545534,8900,1850706,1.87,NQNX,12544
BTE,20250717 09:50:50.982000,3552370,90,1850796,1.87,NQNX,12659
BTE,20250717 09:50:57.299000,3566369,5000,1855796,1.87,NQNX,12544
BTE,20250717 09:50:57.414000,3566553,9999,1865795,1.87,NQNX,12544
BTE,20250717 09:51:05.506000,3589026,1000,1866795,1.87,NQNX,12544
BTE,20250717 09:51:07.253000,3594278,100,1866895,1.87,NYSE,12639
BTE,20250717 09:51:09.985000,3604033,9000,1875895,1.87,NQEX,12544
BTE,20250717 09:51:25.207000,3648085,60,1875955,1.87,NQNX,12659
BTE,20250717 09:51:30.991000,3660967,600,1876555,1.88,NQNX,12544
BTE,20250717 09:51:31.256000,3661492,5000,1881555,1.87,NQNX,12544
BTE,20250717 09:51:32.858000,3664057,64,1881619,1.87,NQNX,12659
BTE,20250717 09:51:34.300000,3666154,100,1881719,1.87,IEX,12544
BTE,20250717 09:51:35.540000,3668036,100,1881819,1.87,PACF,12639
BTE,20250717 09:51:38.105000,3673327,600,1882419,1.88,NQNX,12544
BTE,20250717 09:52:02.599000,3722756,700,1883119,1.87,NQNX,12544
BTE,20250717 09:52:03.889000,3726369,100,1883219,1.87,NYSE,12639
BTE,20250717 09:52:08.192000,3738377,700,1883919,1.88,NQNX,12544
BTE,20250717 09:52:22.810000,3770365,700,1884619,1.87,NQNX,12544
BTE,20250717 09:52:25.059000,3775484,700,1885319,1.88,NQNX,12544
BTE,20250717 09:52:29.244000,3784045,8800,1894119,1.87,NQNX,12544
BTE,20250717 09:52:36.673000,3800291,100,1894219,1.87,NYSE,12639
BTE,20250717 09:52:37.685000,3802602,100,1894319,1.87,NQNX,12544
BTE,20250717 09:52:38.681000,3804293,100,1894419,1.87,NQNX,12544
BTE,20250717 09:52:39.676000,3806205,800,1895219,1.87,NQNX,12544
BTE,20250717 09:52:41.135000,3808293,200,1895419,1.87,NQNX,12544
BTE,20250717 09:52:41.484000,3808805,100,1895519,1.88,CINC,12639
BTE,20250717 09:52:45.719000,3817710,800,1896319,1.88,NQNX,12544
BTE,20250717 09:52:56.212000,3838284,1,1896320,1.87,NQNX,12659
BTE,20250717 09:52:58.141000,3841596,800,1897120,1.87,NQNX,12544
BTE,20250717 09:53:09.168000,3865565,9760,1906880,1.87,NQNX,12544
BTE,20250717 09:53:14.980000,3879377,100,1906980,1.87,NYSE,12639
BTE,20250717 09:53:15.003000,3879409,100,1907080,1.87,NQNX,12544
BTE,20250717 09:53:34.776000,3920022,6,1907092,1.87,NQNX,12659
BTE,20250717 09:53:34.776000,3920021,6,1907086,1.88,NQNX,12659
BTE,20250717 09:53:36.483000,3924061,8000,1915092,1.87,NQNX,12544
BTE,20250717 09:53:37.039000,3925061,100,1915192,1.87,EDGX,12639
BTE,20250717 09:53:38.203000,3927889,600,1915792,1.88,NQNX,12544
BTE,20250717 09:53:48.931000,3950487,400,1916192,1.87,EDGX,12639
BTE,20250717 09:53:48.931000,3950488,1400,1917592,1.87,EDGX,12639
BTE,20250717 09:53:58.026000,3969547,9999,1927591,1.87,NQNX,12544
BTE,20250717 09:54:11.953000,3997625,700,1928291,1.87,NQNX,12544
BTE,20250717 09:54:14.072000,4002479,100,1928391,1.87,EDGX,12544
BTE,20250717 09:54:21.262000,4017887,100,1928491,1.87,NYSE,12639
BTE,20250717 09:54:39.260000,4057542,100,1928591,1.87,NYSE,12639
BTE,20250717 09:54:43.703000,4066327,700,1929291,1.88,NQNX,12544
BTE,20250717 09:54:46.109000,4069825,1,1929292,1.87,NQNX,12659
BTE,20250717 09:54:48.505000,4074250,900,1930192,1.87,NQNX,12544
BTE,20250717 09:55:28.141000,4166244,100,1930292,1.87,PACF,12639
BTE,20250717 09:55:30.320000,4172369,600,1930892,1.88,NQNX,12544
BTE,20250717 09:55:30.448000,4172573,200,1931092,1.87,NQNX,12544
BTE,20250717 09:55:33.562000,4181941,11,1931103,1.87,EDGX,12659
BTE,20250717 09:55:43.006000,4202869,900,1932003,1.87,NQNX,12544
BTE,20250717 09:55:58.146000,4233536,2500,1934503,1.87,NQNX,12544
BTE,20250717 09:56:08.617000,4257995,100,1934603,1.87,NYSE,12639
BTE,20250717 09:56:24.921000,4305102,700,1935303,1.88,NQNX,12544
BTE,20250717 09:56:27.929000,4311308,3,1935306,1.87,NTRF,12659
BTE,20250717 09:56:31.747000,4318616,700,1936006,1.88,NQNX,12544
BTE,20250717 09:56:31.901000,4318886,5,1936011,1.87,NQNX,12659
BTE,20250717 09:56:46.100000,4345199,100,1936111,1.87,NYSE,12639
BTE,20250717 09:56:48.341000,4348285,531,1936642,1.87,NQNX,12544
BTE,20250717 09:56:49.606000,4350359,1,1936643,1.87,NQNX,12659
BTE,20250717 09:56:53.848000,4358083,200,1936843,1.87,IEX,12544
BTE,20250717 09:56:58.976000,4367444,7500,1944343,1.87,NQNX,12544
BTE,20250717 09:57:02.690000,4375506,800,1945143,1.87,NQNX,12544
BTE,20250717 09:57:16.940000,4413756,100,1945243,1.87,NQNX,12544
BTE,20250717 09:57:29.136000,4444430,356,1945599,1.87,IEX,12544
BTE,20250717 09:57:29.165000,4444472,100,1945699,1.87,NQNX,12544
BTE,20250717 09:57:45.655000,4478583,100,1945799,1.87,NQNX,12544
BTE,20250717 09:57:51.084000,4487679,1000,1946799,1.87,NQNX,12544
BTE,20250717 09:57:51.838000,4489086,30,1946829,1.87,CINC,12659
BTE,20250717 09:57:56.390000,4497239,1,1946830,1.87,NQNX,12659
BTE,20250717 09:57:57.527000,4498926,3000,1949830,1.87,NQNX,12544
BTE,20250717 09:58:03.877000,4509568,200,1950030,1.87,NQNX,12544
BTE,20250717 09:58:15.634000,4532941,100,1950130,1.87,NQNX,12544
BTE,20250717 09:58:19.193000,4539072,600,1950730,1.88,NQNX,12544
BTE,20250717 09:58:29.913000,4562137,900,1951630,1.87,NQNX,12544
BTE,20250717 09:58:34.852000,4570181,100,1951730,1.87,NQNX,12544
BTE,20250717 09:58:35.639000,4571307,100,1951830,1.87,NQNX,12544
BTE,20250717 09:58:39.593000,4578788,100,1951930,1.87,NQNX,12544
BTE,20250717 09:58:40.624000,4581234,100,1952030,1.87,NQNX,12544
BTE,20250717 09:58:51.182000,4601102,700,1952730,1.88,NQNX,12544
BTE,20250717 09:58:54.318000,4607141,100,1952830,1.87,NQNX,12544
BTE,20250717 09:59:01.150000,4621614,900,1953730,1.87,NQNX,12544
BTE,20250717 09:59:02.073000,4623755,100,1953830,1.87,NYSE,12639
BTE,20250717 09:59:25.759000,4681633,345,1954175,1.87,NQNX,12544
BTE,20250717 09:59:28.233000,4686969,100,1954275,1.87,NQNX,12544
BTE,20250717 09:59:33.643000,4697974,100,1954375,1.87,IEX,12544
BTE,20250717 09:59:36.330000,4704401,1,1954376,1.87,NQNX,12659
BTE,20250717 09:59:42.937000,4717947,88,1954464,1.87,NQEX,12659
BTE,20250717 09:59:43.628000,4719199,27,1954491,1.87,IEX,12659
BTE,20250717 09:59:50.625000,4734813,1,1954492,1.87,NYSE,12659
BTE,20250717 09:59:54.206000,4746716,4800,1959292,1.87,NQNX,12544
BTE,20250717 10:00:02.614000,4776551,2000,1961292,1.87,MIAX,12639
BTE,20250717 10:00:04.866000,4783732,500,1961792,1.87,NQNX,12544
BTE,20250717 10:00:05.261000,4785076,500,1962292,1.87,NQNX,12544
BTE,20250717 10:00:05.651000,4785896,500,1962792,1.87,NQNX,12544
BTE,20250717 10:00:05.951000,4787107,500,1963292,1.87,NQNX,12544
BTE,20250717 10:00:10.380000,4799941,600,1963892,1.88,NQNX,12544
BTE,20250717 10:00:15.174000,4813514,600,1964492,1.88,NQNX,12544
BTE,20250717 10:00:22.693000,4832219,500,1964992,1.88,NQNX,12544
BTE,20250717 10:00:28.880000,4846275,600,1965592,1.87,NQNX,12544
BTE,20250717 10:00:34.676000,4862671,600,1966192,1.87,NQNX,12544
BTE,20250717 10:00:42.274000,4880824,100,1966292,1.87,NQNX,12544
BTE,20250717 10:00:43.221000,4883794,100,1966392,1.87,NQNX,12544
BTE,20250717 10:00:44.906000,4887059,600,1966992,1.88,NQNX,12544
BTE,20250717 10:00:53.347000,4906442,100,1967092,1.87,NYSE,12639
BTE,20250717 10:01:03.303000,4936888,600,1967692,1.87,NQNX,12544
BTE,20250717 10:01:06.229000,4947234,200,1967892,1.87,NQNX,12544
BTE,20250717 10:01:15.694000,4977188,600,1968492,1.88,NQNX,12544
BTE,20250717 10:01:22.117000,4994603,100,1968592,1.87,NYSE,12639
BTE,20250717 10:01:29.500000,5009906,900,1969492,1.87,NQNX,12544
BTE,20250717 10:01:30.454000,5011939,3591,1973083,1.87,NYSE,12544
BTE,20250717 10:01:33.438000,5018901,100,1973183,1.87,NQNX,12544
BTE,20250717 10:01:33.991000,5019751,100,1973283,1.87,NQNX,12544
BTE,20250717 10:01:34.424000,5020676,92,1973375,1.87,BATS,12659
BTE,20250717 10:01:35.298000,5023397,700,1974075,1.88,NQNX,12544
BTE,20250717 10:01:41.421000,5042142,100,1974175,1.87,EDGX,12544
BTE,20250717 10:01:46.064000,5052289,100,1974275,1.87,EDGX,12544
BTE,20250717 10:01:46.292000,5052736,2000,1976275,1.87,NQNX,12544
BTE,20250717 10:01:47.744000,5055343,100,1976375,1.87,NYSE,12544
BTE,20250717 10:01:47.860000,5055623,100,1976675,1.87,NQEX,12544
BTE,20250717 10:01:47.860000,5055622,100,1976575,1.87,EDGX,12544
BTE,20250717 10:01:47.860000,5055621,100,1976475,1.87,PACF,12544
BTE,20250717 10:01:51.887000,5063998,900,1977575,1.87,NQNX,12544
BTE,20250717 10:01:59.895000,5083258,1,1977576,1.87,BATS,12659
BTE,20250717 10:02:00.902000,5085643,800,1978376,1.88,NQNX,12544
BTE,20250717 10:02:01.318000,5086560,100,1978476,1.87,NQNX,12544
BTE,20250717 10:02:03.660000,5092332,100,1978576,1.87,NQNX,12544
BTE,20250717 10:02:03.662000,5092337,100,1978676,1.87,NQNX,12544
BTE,20250717 10:02:03.665000,5092343,100,1978776,1.87,NQNX,12544
BTE,20250717 10:02:03.667000,5092351,100,1978876,1.87,NQNX,12544
BTE,20250717 10:02:03.672000,5092359,100,1978976,1.87,NQNX,12544
BTE,20250717 10:02:03.675000,5092367,100,1979076,1.87,NQNX,12544
BTE,20250717 10:02:03.677000,5092374,100,1979176,1.87,NQNX,12544
BTE,20250717 10:02:03.679000,5092378,100,1979276,1.87,NQNX,12544
BTE,20250717 10:02:03.682000,5092403,100,1979376,1.87,NQNX,12544
BTE,20250717 10:02:03.684000,5092407,100,1979476,1.87,NQNX,12544
BTE,20250717 10:02:03.686000,5092409,100,1979576,1.87,NQNX,12544
BTE,20250717 10:02:03.688000,5092413,100,1979676,1.87,NQNX,12544
BTE,20250717 10:02:03.690000,5092418,100,1979776,1.87,NQNX,12544
BTE,20250717 10:02:03.692000,5092421,100,1979876,1.87,NQNX,12544
BTE,20250717 10:02:09.162000,5107537,900,1980776,1.87,NQNX,12544
BTE,20250717 10:02:11.241000,5113826,400,1981176,1.87,NQNX,12544
BTE,20250717 10:02:11.581000,5114654,100,1981276,1.87,EDGX,12544
BTE,20250717 10:02:17.140000,5128130,37,1981313,1.87,NQEX,12659
BTE,20250717 10:02:17.809000,5129434,800,1982113,1.88,NQNX,12544
BTE,20250717 10:02:28.223000,5155981,100,1982213,1.88,NQNX,12544
BTE,20250717 10:02:28.491000,5157381,900,1983113,1.87,NQNX,12544
BTE,20250717 10:02:34.019000,5180647,31,1983513,1.88,CINC,12659
BTE,20250717 10:02:34.019000,5180642,100,1983213,1.87,CINC,12639
BTE,20250717 10:02:34.019000,5180643,56,1983269,1.87,CINC,12659
BTE,20250717 10:02:34.019000,5180644,56,1983325,1.87,CINC,12659
BTE,20250717 10:02:34.019000,5180645,57,1983382,1.87,CINC,12659
BTE,20250717 10:02:34.019000,5180652,100,1983982,1.88,CINC,12639
BTE,20250717 10:02:34.019000,5180646,100,1983482,1.88,CINC,12639
BTE,20250717 10:02:34.019000,5180648,69,1983582,1.88,CINC,12659
BTE,20250717 10:02:34.019000,5180649,100,1983682,1.88,CINC,12639
BTE,20250717 10:02:34.019000,5180650,100,1983782,1.88,CINC,12639
BTE,20250717 10:02:34.019000,5180651,100,1983882,1.88,CINC,12639
BTE,20250717 10:02:34.020000,5180667,1100,1985082,1.87,NQNX,12544
BTE,20250717 10:02:34.330000,5181893,1,1985083,1.87,NQNX,12659
BTE,20250717 10:02:35.229000,5185048,10,1985093,1.87,NQNX,12659
BTE,20250717 10:02:35.743000,5187983,500,1985593,1.87,NQNX,12544
BTE,20250717 10:02:41.773000,5202518,100,1985693,1.87,EDGX,12544
BTE,20250717 10:02:42.668000,5205149,100,1985793,1.87,NQEX,12544
BTE,20250717 10:02:44.363000,5209275,800,1986593,1.88,NQNX,12544
BTE,20250717 10:02:52.666000,5228425,900,1987493,1.87,NQNX,12544
BTE,20250717 10:02:54.387000,5231916,100,1987593,1.88,NQNX,12544
BTE,20250717 10:02:58.862000,5243043,300,1989393,1.87,NQEX,12639
BTE,20250717 10:02:58.862000,5243042,1500,1989093,1.87,NQEX,12639
BTE,20250717 10:03:01.083000,5248166,7500,1996893,1.87,NQNX,12544
BTE,20250717 10:03:10.840000,5272742,800,1997693,1.88,NQNX,12544
BTE,20250717 10:03:11.916000,5276027,100,1997793,1.87,EDGX,12544
BTE,20250717 10:03:15.100000,5284158,100,1997893,1.87,EDGX,12544
BTE,20250717 10:03:18.785000,5295979,800,1998693,1.88,NQNX,12544
BTE,20250717 10:03:20.465000,5300727,1722,2000415,1.87,NQNX,12544
BTE,20250717 10:03:23.628000,5311424,100,2000515,1.87,NQNX,12544
BTE,20250717 10:03:23.633000,5311426,100,2000615,1.87,NQNX,12544
BTE,20250717 10:03:23.636000,5311437,78,2001669,1.87,EDGX,12659
BTE,20250717 10:03:23.636000,5311436,22,2001591,1.87,EDGX,12659
BTE,20250717 10:03:23.636000,5311429,54,2000669,1.87,CINC,12659
BTE,20250717 10:03:23.636000,5311435,100,2001569,1.87,EDGX,12544
BTE,20250717 10:03:23.636000,5311432,100,2001269,1.87,EDGX,12544
BTE,20250717 10:03:23.636000,5311433,100,2001369,1.87,EDGX,12544
BTE,20250717 10:03:23.636000,5311431,500,2001169,1.87,NYSE,12544
BTE,20250717 10:03:23.636000,5311434,100,2001469,1.87,EDGX,12544
BTE,20250717 10:03:23.637000,5311440,500,2002291,1.87,NQEX,12544
BTE,20250717 10:03:23.637000,5311441,1500,2003791,1.87,NQEX,12544
BTE,20250717 10:03:23.637000,5311439,100,2001791,1.87,EDGX,12544
BTE,20250717 10:03:23.637000,5311438,22,2001691,1.87,EDGX,12659
BTE,20250717 10:03:23.639000,5311443,4684,2008475,1.88,NQNX,12544
BTE,20250717 10:03:23.642000,5311444,1700,2010175,1.87,NQNX,12544
BTE,20250717 10:03:23.642000,5311445,4684,2014859,1.87,NQNX,12544
BTE,20250717 10:03:23.987000,5312140,95,2014954,1.87,EDGX,12659
BTE,20250717 10:03:27.231000,5318263,11,2014965,1.87,BATS,12659
BTE,20250717 10:03:29.028000,5322030,23,2014988,1.87,EDGX,12659
BTE,20250717 10:03:33.610000,5331957,6,2015000,1.87,NQNX,12659
BTE,20250717 10:03:33.610000,5331956,6,2014994,1.88,NQNX,12659
BTE,20250717 10:03:34.059000,5332839,24,2015024,1.87,EDGX,12659
BTE,20250717 10:03:38.017000,5340218,100,2015124,1.87,NYSE,12639
BTE,20250717 10:03:40.093000,5343735,24,2015148,1.87,EDGX,12659
BTE,20250717 10:03:46.129000,5356177,20,2015168,1.87,EDGX,12659
BTE,20250717 10:03:50.661000,5365209,9,2015177,1.87,NQNX,12659
BTE,20250717 10:03:50.665000,5365212,1,2015178,1.87,NQNX,12659
BTE,20250717 10:03:52.162000,5367712,21,2015199,1.87,EDGX,12659
BTE,20250717 10:03:57.839000,5377907,800,2015999,1.87,NQNX,12544
BTE,20250717 10:03:58.189000,5379054,20,2016019,1.87,EDGX,12659
BTE,20250717 10:03:58.339000,5379320,8433,2024452,1.87,NQNX,12544
BTE,20250717 10:04:00.195000,5382849,32,2024484,1.87,EDGX,12659
BTE,20250717 10:04:00.199000,5382852,457,2024941,1.87,NQNX,12544
BTE,20250717 10:04:04.033000,5393789,800,2025741,1.88,NQNX,12544
BTE,20250717 10:04:05.776000,5397165,100,2025841,1.87,MIAX,12639
BTE,20250717 10:04:13.249000,5413357,900,2026741,1.87,NQNX,12544
BTE,20250717 10:04:28.491000,5442454,2,2026745,1.87,NQNX,12659
BTE,20250717 10:04:28.491000,5442453,2,2026743,1.88,NQNX,12659
BTE,20250717 10:04:37.216000,5458921,9,2026754,1.87,NQNX,12659
BTE,20250717 10:04:37.917000,5461467,21,2026775,1.87,NQNX,12659
BTE,20250717 10:04:39.626000,5464744,1562,2028337,1.87,NQNX,12544
BTE,20250717 10:04:39.702000,5464878,1515,2029852,1.87,NQNX,12544
BTE,20250717 10:04:39.815000,5465145,1589,2031441,1.87,NQNX,12544
BTE,20250717 10:04:39.835000,5465175,1547,2032988,1.87,NQNX,12544
BTE,20250717 10:04:41.292000,5468113,100,2033088,1.87,NYSE,12639
BTE,20250717 10:04:43.152000,5472519,9330,2042418,1.87,NQNX,12544
BTE,20250717 10:04:44.888000,5475915,1524,2043942,1.87,NQNX,12544
BTE,20250717 10:04:45.091000,5476182,1544,2045486,1.87,NQNX,12544
BTE,20250717 10:04:45.143000,5476223,1539,2047025,1.87,NQNX,12544
BTE,20250717 10:04:45.271000,5476544,1546,2048571,1.87,NQNX,12544
BTE,20250717 10:04:46.647000,5478820,8643,2057214,1.87,NQNX,12544
BTE,20250717 10:04:47.294000,5480002,7900,2065714,1.87,NQNX,12544
BTE,20250717 10:04:47.294000,5480001,600,2057814,1.87,NQNX,12544
BTE,20250717 10:04:49.314000,5483392,8500,2074214,1.87,NQNX,12544
BTE,20250717 10:04:50.932000,5486431,100,2074314,1.87,NQNX,12544
BTE,20250717 10:04:53.190000,5491280,200,2074514,1.87,IEX,12544
BTE,20250717 10:04:59.198000,5502146,8900,2083414,1.88,NQNX,12544
BTE,20250717 10:05:01.054000,5506958,100,2083514,1.87,NQNX,12544
BTE,20250717 10:05:10.248000,5527583,90,2083604,1.87,NQNX,12659
BTE,20250717 10:05:13.315000,5534404,497,2084101,1.87,NQNX,12548
BTE,20250717 10:05:16.342000,5541202,9890,2093991,1.87,NQNX,12544
BTE,20250717 10:05:16.376000,5541257,9,2094000,1.87,NQEX,12659
BTE,20250717 10:05:16.850000,5542221,600,2094600,1.88,NQNX,12544
BTE,20250717 10:05:18.508000,5545940,100,2094700,1.87,NQNX,12544
BTE,20250717 10:05:21.154000,5552408,900,2095600,1.87,NQNX,12544
BTE,20250717 10:05:32.823000,5582451,1500,2097100,1.87,NQNX,12544
BTE,20250717 10:05:44.411000,5607637,1500,2098600,1.87,NQNX,12544
BTE,20250717 10:05:46.076000,5611392,1500,2100100,1.87,NQNX,12544
BTE,20250717 10:05:52.487000,5623148,30,2100130,1.87,NQNX,12659
BTE,20250717 10:05:53.899000,5625523,61,2100191,1.87,BATS,12659
BTE,20250717 10:05:56.010000,5630355,2,2100193,1.87,NQNX,12659
BTE,20250717 10:06:07.458000,5659974,200,2100393,1.87,NQEX,12639
BTE,20250717 10:06:14.316000,5674860,700,2101093,1.88,NQNX,12544
BTE,20250717 10:06:14.317000,5674861,23,2101116,1.87,NQNX,12659
BTE,20250717 10:06:26.813000,5700949,900,2102016,1.87,NQNX,12544
BTE,20250717 10:06:49.277000,5754192,700,2102716,1.88,NQNX,12544
BTE,20250717 10:06:50.579000,5757195,2046,2104762,1.87,NQEX,12544
BTE,20250717 10:06:53.227000,5765407,100,2104862,1.88,NQNX,12544
BTE,20250717 10:06:55.607000,5771161,700,2105562,1.88,NQNX,12544
BTE,20250717 10:06:58.970000,5777931,5000,2110562,1.87,NQNX,12544
BTE,20250717 10:07:00.175000,5780029,100,2110662,1.87,NQNX,12544
BTE,20250717 10:07:05.213000,5792713,100,2110762,1.87,EDGX,12544
BTE,20250717 10:07:05.913000,5794200,900,2111662,1.87,NQNX,12544
BTE,20250717 10:07:21.745000,5829491,900,2112562,1.87,NQNX,12544
BTE,20250717 10:07:25.684000,5837475,100,2112662,1.87,MEMX,12639
BTE,20250717 10:07:32.956000,5851504,100,2112762,1.87,EDGX,12544
BTE,20250717 10:07:34.615000,5854335,30,2112792,1.87,NQNX,12659
BTE,20250717 10:07:35.334000,5856005,100,2112892,1.87,EDGX,12544
BTE,20250717 10:07:37.853000,5860358,6,2112898,1.87,NQNX,12659
BTE,20250717 10:07:39.657000,5863534,3587,2116485,1.87,NQNX,12544
BTE,20250717 10:07:39.900000,5864012,700,2117185,1.88,NQNX,12544
BTE,20250717 10:07:43.597000,5872583,1600,2118785,1.87,NQNX,12544
BTE,20250717 10:07:50.877000,5887490,700,2119485,1.87,NQNX,12544
BTE,20250717 10:07:56.127000,5897178,700,2120185,1.87,NQNX,12544
BTE,20250717 10:07:57.693000,5899788,700,2120885,1.88,NQNX,12544
BTE,20250717 10:07:59.225000,5902378,100,2120985,1.87,NQNX,12544
BTE,20250717 10:08:01.593000,5907889,100,2121085,1.87,NQNX,12544
BTE,20250717 10:08:02.599000,5909800,100,2121185,1.87,NQNX,12544
BTE,20250717 10:08:05.534000,5915821,100,2121285,1.87,EDGX,12544
BTE,20250717 10:08:06.232000,5917393,900,2122185,1.87,NQNX,12544
BTE,20250717 10:08:07.551000,5919846,100,2122285,1.87,NYSE,12639
BTE,20250717 10:08:11.911000,5930308,200,2122485,1.87,NQNX,12544
BTE,20250717 10:08:12.835000,5932410,9000,2131485,1.87,NQNX,12544
BTE,20250717 10:08:14.495000,5938227,100,2131585,1.87,NQNX,12544
BTE,20250717 10:08:35.515000,5988205,500,2132085,1.88,NQNX,12544
BTE,20250717 10:08:38.091000,5993182,100,2132185,1.87,NYSE,12639
BTE,20250717 10:08:40.067000,5996894,600,2132785,1.88,NQNX,12544
BTE,20250717 10:08:40.896000,5998132,1128,2133913,1.87,NQNX,12544
BTE,20250717 10:08:42.428000,6000592,1128,2135041,1.87,NQNX,12544
BTE,20250717 10:08:46.780000,6007391,30,2135071,1.87,NQNX,12659
BTE,20250717 10:08:49.115000,6014092,700,2135771,1.87,NQNX,12544
BTE,20250717 10:08:54.749000,6028704,600,2136371,1.88,NQNX,12544
BTE,20250717 10:08:54.750000,6028706,23,2136394,1.87,NQNX,12659
BTE,20250717 10:09:04.391000,6051019,700,2137094,1.87,NQNX,12544
BTE,20250717 10:09:07.756000,6061967,600,2137694,1.88,NQNX,12544
BTE,20250717 10:09:12.264000,6070264,100,2137794,1.87,NYSE,12639
BTE,20250717 10:09:19.155000,6082564,600,2138394,1.88,NQNX,12544
BTE,20250717 10:09:22.819000,6089383,700,2139094,1.88,NQNX,12544
BTE,20250717 10:09:27.599000,6100754,900,2139994,1.87,NQNX,12544
BTE,20250717 10:09:27.824000,6101244,500,2140494,1.88,NQNX,12544
BTE,20250717 10:09:35.372000,6117111,900,2141394,1.87,NQNX,12544
BTE,20250717 10:09:47.820000,6141374,700,2142094,1.88,NQNX,12544
BTE,20250717 10:09:48.360000,6142258,100,2142194,1.87,NQEX,12639
BTE,20250717 10:09:57.140000,6165887,100,2142771,1.88,CINC,12639
BTE,20250717 10:09:57.140000,6165888,23,2142794,1.88,CINC,12659
BTE,20250717 10:09:57.140000,6165889,100,2142894,1.88,CINC,12639
BTE,20250717 10:09:57.140000,6165890,100,2142994,1.88,CINC,12639
BTE,20250717 10:09:57.140000,6165891,100,2143094,1.88,CINC,12639
BTE,20250717 10:09:57.140000,6165892,100,2143194,1.88,CINC,12639
BTE,20250717 10:09:57.140000,6165893,100,2143294,1.88,CINC,12639
BTE,20250717 10:09:57.140000,6165894,100,2143394,1.88,CINC,12639
BTE,20250717 10:09:57.140000,6165895,100,2143494,1.88,CINC,12639
BTE,20250717 10:09:57.140000,6165896,100,2143594,1.88,CINC,12639
BTE,20250717 10:09:57.140000,6165897,100,2143694,1.88,CINC,12639
BTE,20250717 10:09:57.140000,6165898,100,2143794,1.88,CINC,12639
BTE,20250717 10:09:57.140000,6165899,100,2143894,1.88,CINC,12639
BTE,20250717 10:09:57.140000,6165886,77,2142671,1.88,CINC,12659
BTE,20250717 10:09:57.140000,6165900,100,2143994,1.88,CINC,12639
BTE,20250717 10:09:57.140000,6165885,23,2142594,1.88,CINC,12659
BTE,20250717 10:09:57.140000,6165879,100,2142294,1.87,CINC,12639
BTE,20250717 10:09:57.140000,6165901,100,2144094,1.88,CINC,12639
BTE,20250717 10:09:57.140000,6165880,58,2142352,1.87,CINC,12659
BTE,20250717 10:09:57.140000,6165881,42,2142394,1.87,CINC,12659
BTE,20250717 10:09:57.140000,6165882,16,2142410,1.87,CINC,12659
BTE,20250717 10:09:57.140000,6165883,61,2142471,1.87,CINC,12659
BTE,20250717 10:09:57.140000,6165884,100,2142571,1.88,CINC,12639
BTE,20250717 10:10:00.199000,6171324,1100,2145194,1.88,NQNX,12544
BTE,20250717 10:10:01.287000,6173691,3,2145197,1.87,NQNX,12659
BTE,20250717 10:10:05.918000,6185324,600,2145797,1.87,NTRF,12544
BTE,20250717 10:10:05.946000,6185420,1100,2146897,1.87,NQNX,12544
BTE,20250717 10:10:06.699000,6186997,900,2147797,1.87,NQNX,12544
BTE,20250717 10:10:12.732000,6200115,100,2147897,1.87,IEX,12544
BTE,20250717 10:10:15.695000,6206565,30,2147927,1.87,NQNX,12659
BTE,20250717 10:10:21.883000,6221477,900,2148827,1.87,NQNX,12544
BTE,20250717 10:10:24.312000,6228183,9330,2158157,1.87,NQNX,12544
BTE,20250717 10:11:01.992000,6302315,100,2188056,1.88,CINC,12639
BTE,20250717 10:11:01.992000,6302306,100,2158257,1.88,CINC,12639
BTE,20250717 10:11:01.992000,6302314,100,2187956,1.88,CINC,12639
BTE,20250717 10:11:01.992000,6302313,100,2187856,1.88,CINC,12639
BTE,20250717 10:11:01.992000,6302312,100,2187756,1.88,CINC,12639
BTE,20250717 10:11:01.992000,6302310,100,2187556,1.88,BATY,12639
BTE,20250717 10:11:01.992000,6302309,27599,2187456,1.88,NYSE,12639
BTE,20250717 10:11:01.992000,6302307,100,2158357,1.88,CINC,12639
BTE,20250717 10:11:01.992000,6302311,100,2187656,1.88,BATY,12639
BTE,20250717 10:11:01.992000,6302308,1500,2159857,1.87,NYSE,12639
BTE,20250717 10:11:01.993000,6302331,200,2193066,1.88,IEX,12544
BTE,20250717 10:11:01.993000,6302330,100,2192866,1.88,CINC,12639
BTE,20250717 10:11:01.993000,6302329,1700,2192766,1.88,IEX,12544
BTE,20250717 10:11:01.993000,6302345,2700,2210766,1.88,IEX,12544
BTE,20250717 10:11:01.993000,6302340,100,2201466,1.88,CINC,12639
BTE,20250717 10:11:01.993000,6302332,3900,2196966,1.88,IEX,12544
BTE,20250717 10:11:01.993000,6302339,100,2201366,1.88,CINC,12639
BTE,20250717 10:11:01.993000,6302338,400,2201266,1.88,IEX,12544
BTE,20250717 10:11:01.993000,6302337,100,2200866,1.88,CINC,12639
BTE,20250717 10:11:01.993000,6302335,200,2197866,1.88,IEX,12544
BTE,20250717 10:11:01.993000,6302334,600,2197666,1.88,IEX,12544
BTE,20250717 10:11:01.993000,6302333,100,2197066,1.88,CINC,12639
BTE,20250717 10:11:01.993000,6302336,2900,2200766,1.88,IEX,12544
BTE,20250717 10:11:01.993000,6302344,700,2208066,1.88,IEX,12544
BTE,20250717 10:11:01.993000,6302328,1300,2191066,1.88,IEX,12544
BTE,20250717 10:11:01.993000,6302346,100,2210866,1.88,CINC,12639
BTE,20250717 10:11:01.993000,6302347,3100,2213966,1.88,IEX,12544
BTE,20250717 10:11:01.993000,6302348,100,2214066,1.88,IEX,12544
BTE,20250717 10:11:01.993000,6302349,900,2214966,1.88,IEX,12544
BTE,20250717 10:11:01.993000,6302343,1100,2207366,1.88,IEX,12544
BTE,20250717 10:11:01.993000,6302350,84,2215050,1.88,CINC,12659
BTE,20250717 10:11:01.993000,6302341,800,2202266,1.88,IEX,12544
BTE,20250717 10:11:01.993000,6302351,100,2215150,1.88,IEX,12544
BTE,20250717 10:11:01.993000,6302352,4500,2219650,1.88,IEX,12544
BTE,20250717 10:11:01.993000,6302353,1,2219651,1.88,IEX,12659
BTE,20250717 10:11:01.993000,6302354,1400,2221051,1.88,IEX,12544
BTE,20250717 10:11:01.993000,6302316,100,2188156,1.88,CINC,12639
BTE,20250717 10:11:01.993000,6302327,800,2189766,1.88,IEX,12544
BTE,20250717 10:11:01.993000,6302326,100,2188966,1.88,CINC,12544
BTE,20250717 10:11:01.993000,6302325,100,2188866,1.88,CINC,12639
BTE,20250717 10:11:01.993000,6302324,100,2188766,1.88,CINC,12639
BTE,20250717 10:11:01.993000,6302323,100,2188666,1.87,EDGX,12544
BTE,20250717 10:11:01.993000,6302322,100,2188566,1.87,EDGX,12544
BTE,20250717 10:11:01.993000,6302321,100,2188466,1.87,EDGX,12544
BTE,20250717 10:11:01.993000,6302320,100,2188366,1.88,CINC,12639
BTE,20250717 10:11:01.993000,6302319,7,2188266,1.88,BATY,12659
BTE,20250717 10:11:01.993000,6302318,3,2188259,1.88,BATY,12659
BTE,20250717 10:11:01.993000,6302317,100,2188256,1.88,CINC,12639
BTE,20250717 10:11:01.993000,6302342,4000,2206266,1.88,IEX,12544
BTE,20250717 10:11:02.009000,6302467,1000,2286874,1.88,PACF,12639
BTE,20250717 10:11:02.009000,6302468,19652,2306526,1.88,NYSE,12639
BTE,20250717 10:11:02.009000,6302466,2200,2285874,1.88,PACF,12639
BTE,20250717 10:11:02.009000,6302469,3300,2309826,1.88,PACF,12639
BTE,20250717 10:11:02.009000,6302470,100,2309926,1.88,PACF,12639
BTE,20250717 10:11:02.009000,6302445,24717,2245768,1.88,NYSE,12639
BTE,20250717 10:11:02.009000,6302482,1700,2332572,1.88,BATS,12639
BTE,20250717 10:11:02.009000,6302483,300,2332872,1.88,BATS,12639
BTE,20250717 10:11:02.009000,6302484,600,2333472,1.88,BATS,12639
BTE,20250717 10:11:02.009000,6302485,800,2334272,1.88,BATS,12639
BTE,20250717 10:11:02.009000,6302486,600,2334872,1.88,EDGX,12639
BTE,20250717 10:11:02.009000,6302487,4400,2339272,1.88,BATS,12639
BTE,20250717 10:11:02.009000,6302488,375,2339647,1.88,EDGX,12639
BTE,20250717 10:11:02.009000,6302489,400,2340047,1.88,BATS,12639
BTE,20250717 10:11:02.009000,6302490,500,2340547,1.88,EDGX,12639
BTE,20250717 10:11:02.009000,6302449,200,2247157,1.88,PACF,12639
BTE,20250717 10:11:02.009000,6302448,100,2246957,1.88,PACF,12639
BTE,20250717 10:11:02.009000,6302447,700,2246857,1.88,PACF,12639
BTE,20250717 10:11:02.009000,6302446,389,2246157,1.88,AMEX,12639
BTE,20250717 10:11:02.009000,6302465,12802,2283674,1.88,PACF,12639
BTE,20250717 10:11:02.009000,6302464,300,2270872,1.88,AMEX,12639
BTE,20250717 10:11:02.009000,6302459,400,2258357,1.88,PACF,12639
BTE,20250717 10:11:02.009000,6302458,100,2257957,1.88,PACF,12639
BTE,20250717 10:11:02.009000,6302495,100,2358720,1.88,EDGX,12639
BTE,20250717 10:11:02.009000,6302494,1100,2358620,1.88,BATS,12639
BTE,20250717 10:11:02.009000,6302493,1900,2357520,1.88,BATS,12639
BTE,20250717 10:11:02.009000,6302460,1000,2259357,1.88,PACF,12639
BTE,20250717 10:11:02.009000,6302480,1100,2330861,1.88,BATS,12639
BTE,20250717 10:11:02.009000,6302479,9027,2329761,1.88,MEMX,12639
BTE,20250717 10:11:02.009000,6302516,8109,2411458,1.88,EDGX,12639
BTE,20250717 10:11:02.009000,6302478,7600,2320734,1.88,MEMX,12639
BTE,20250717 10:11:02.009000,6302477,500,2313134,1.88,MEMX,12639
BTE,20250717 10:11:02.009000,6302515,8700,2403349,1.88,EDGX,12639
BTE,20250717 10:11:02.009000,6302496,100,2358820,1.88,EDGX,12639
BTE,20250717 10:11:02.009000,6302497,400,2359220,1.88,BATS,12639
BTE,20250717 10:11:02.009000,6302450,100,2247257,1.88,PACF,12639
BTE,20250717 10:11:02.009000,6302451,200,2247457,1.88,PACF,12639
BTE,20250717 10:11:02.009000,6302452,2600,2250057,1.88,PACF,12639
BTE,20250717 10:11:02.009000,6302463,11,2270572,1.88,AMEX,12659
BTE,20250717 10:11:02.009000,6302453,300,2250357,1.88,PACF,12639
BTE,20250717 10:11:02.009000,6302454,100,2250457,1.88,PACF,12639
BTE,20250717 10:11:02.009000,6302517,668,2412126,1.88,MIAX,12639
BTE,20250717 10:11:02.009000,6302455,4500,2254957,1.88,PACF,12639
BTE,20250717 10:11:02.009000,6302456,2500,2257457,1.88,PACF,12639
BTE,20250717 10:11:02.009000,6302457,400,2257857,1.88,PACF,12639
BTE,20250717 10:11:02.009000,6302462,11198,2270561,1.88,PACF,12639
BTE,20250717 10:11:02.009000,6302461,6,2259363,1.88,PACF,12659
BTE,20250717 10:11:02.009000,6302481,11,2330872,1.88,EDGX,12659
BTE,20250717 10:11:02.009000,6302492,14973,2355620,1.88,MEMX,12639
BTE,20250717 10:11:02.009000,6302527,100,2433905,1.88,NQEX,12639
BTE,20250717 10:11:02.009000,6302529,300,2434405,1.88,NQEX,12639
BTE,20250717 10:11:02.009000,6302530,400,2434805,1.88,NQEX,12639
BTE,20250717 10:11:02.009000,6302500,100,2360218,1.88,BATS,12639
BTE,20250717 10:11:02.009000,6302499,100,2360118,1.88,EDGX,12639
BTE,20250717 10:11:02.009000,6302472,902,2310928,1.88,EDGE,12639
BTE,20250717 10:11:02.009000,6302531,100,2434905,1.88,NQEX,12639
BTE,20250717 10:11:02.009000,6302521,1500,2429617,1.88,EDGX,12639
BTE,20250717 10:11:02.009000,6302522,2700,2432317,1.88,EDGX,12639
BTE,20250717 10:11:02.009000,6302523,100,2432417,1.88,NQEX,12639
BTE,20250717 10:11:02.009000,6302525,200,2433317,1.88,NQEX,12639
BTE,20250717 10:11:02.009000,6302526,488,2433805,1.88,NQEX,12639
BTE,20250717 10:11:02.009000,6302532,24000,2458905,1.88,NQEX,12639
BTE,20250717 10:11:02.009000,6302524,700,2433117,1.88,NQEX,12639
BTE,20250717 10:11:02.009000,6302528,200,2434105,1.88,NQEX,12639
BTE,20250717 10:11:02.009000,6302501,200,2360418,1.88,EDGX,12639
BTE,20250717 10:11:02.009000,6302474,750,2312264,1.88,MEMX,12639
BTE,20250717 10:11:02.009000,6302512,100,2392849,1.88,EDGX,12639
BTE,20250717 10:11:02.009000,6302511,100,2392749,1.88,BATS,12639
BTE,20250717 10:11:02.009000,6302510,2200,2392649,1.88,BATS,12639
BTE,20250717 10:11:02.009000,6302509,1700,2390449,1.88,EDGX,12639
BTE,20250717 10:11:02.009000,6302508,27,2388749,1.88,BATS,12659
BTE,20250717 10:11:02.009000,6302473,586,2311514,1.88,MEMX,12639
BTE,20250717 10:11:02.009000,6302507,300,2388722,1.88,EDGX,12639
BTE,20250717 10:11:02.009000,6302520,100,2428117,1.88,EDGX,12639
BTE,20250717 10:11:02.009000,6302506,14223,2388422,1.88,BATS,12639
BTE,20250717 10:11:02.009000,6302505,200,2374199,1.88,EDGX,12639
BTE,20250717 10:11:02.009000,6302491,100,2340647,1.88,EDGX,12639
BTE,20250717 10:11:02.009000,6302476,150,2312634,1.88,MEMX,12639
BTE,20250717 10:11:02.009000,6302513,1400,2394249,1.88,BATS,12639
BTE,20250717 10:11:02.009000,6302514,400,2394649,1.88,EDGX,12639
BTE,20250717 10:11:02.009000,6302502,9777,2370195,1.88,BATS,12639
BTE,20250717 10:11:02.009000,6302503,4,2370199,1.88,EDGE,12659
BTE,20250717 10:11:02.009000,6302504,3800,2373999,1.88,EDGX,12639
BTE,20250717 10:11:02.009000,6302475,220,2312484,1.88,MEMX,12639
BTE,20250717 10:11:02.009000,6302519,15891,2428017,1.88,EDGX,12639
BTE,20250717 10:11:02.009000,6302498,798,2360018,1.88,EDGE,12639
BTE,20250717 10:11:02.009000,6302471,100,2310026,1.88,EDGE,12639
BTE,20250717 10:11:02.009000,6302533,100,2459005,1.88,NQEX,12639
BTE,20250717 10:11:02.010000,6302534,7687,2466692,1.88,IEX,12544
BTE,20250717 10:11:02.010000,6302537,11,2466708,1.88,NQNX,12659
BTE,20250717 10:11:02.010000,6302535,5,2466697,1.88,NQNX,12659
BTE,20250717 10:11:02.018000,6302584,4950,2471658,1.88,CINC,12639
BTE,20250717 10:11:02.019000,6302599,144,2471802,1.88,NQNX,12544
BTE,20250717 10:11:02.020000,6302600,1356,2473158,1.88,NQNX,12544
BTE,20250717 10:11:02.024000,6302624,1500,2474658,1.88,NQNX,12544
BTE,20250717 10:11:02.453000,6304434,31,2474689,1.88,NQNX,12659
BTE,20250717 10:11:03.054000,6305669,300,2474989,1.89,BATY,12544
BTE,20250717 10:11:03.655000,6307469,8643,2483632,1.88,NQNX,12544
BTE,20250717 10:11:03.656000,6307470,3039,2486671,1.88,NQNX,12544
BTE,20250717 10:11:06.090000,6311688,4800,2491471,1.88,NQNX,12544
BTE,20250717 10:11:08.344000,6316458,4800,2496271,1.88,NQNX,12544
BTE,20250717 10:11:23.468000,6351517,700,2496971,1.88,NQNX,12544
BTE,20250717 10:11:25.940000,6356120,900,2497871,1.88,NQNX,12544
BTE,20250717 10:11:29.570000,6363090,800,2498671,1.88,NQNX,12544
BTE,20250717 10:11:33.593000,6370539,2256,2500927,1.88,NQNX,12544
BTE,20250717 10:11:34.432000,6373084,500,2501427,1.88,NQNX,12544
BTE,20250717 10:11:42.475000,6388830,1,2501428,1.88,NTRF,12659
BTE,20250717 10:11:46.131000,6399154,700,2502128,1.89,NQNX,12544
BTE,20250717 10:11:52.224000,6413426,30,2502158,1.87,NQNX,12640
BTE,20250717 10:11:53.763000,6415775,2,2502160,1.88,NQNX,12659
BTE,20250717 10:11:53.765000,6415778,1,2502161,1.88,NQNX,12659
BTE,20250717 10:12:16.354000,6464699,8900,2511061,1.88,NQNX,12544
BTE,20250717 10:12:16.355000,6464700,100,2511161,1.89,IEX,12544
BTE,20250717 10:12:18.565000,6473309,2800,2513961,1.88,NQNX,12544
BTE,20250717 10:12:18.565000,6473312,4200,2518161,1.88,NQNX,12544
BTE,20250717 10:12:18.566000,6473320,7000,2525161,1.88,NQNX,12544
BTE,20250717 10:12:18.567000,6473335,2280,2527441,1.88,NQNX,12544
BTE,20250717 10:12:18.997000,6474929,8900,2536341,1.88,NQNX,12544
BTE,20250717 10:12:21.596000,6482295,9384,2545725,1.88,NQNX,12544
BTE,20250717 10:12:26.181000,6490812,800,2546525,1.89,NQNX,12544
BTE,20250717 10:12:36.734000,6514068,450,2546975,1.88,NQNX,12544
BTE,20250717 10:12:38.100000,6516368,200,2547175,1.88,PACF,12639
BTE,20250717 10:12:45.912000,6533278,800,2547975,1.88,NQNX,12544
BTE,20250717 10:12:47.782000,6537276,144,2548119,1.88,CINC,12639
BTE,20250717 10:12:47.782000,6537281,1500,2551119,1.88,NQEX,12544
BTE,20250717 10:12:47.782000,6537277,1500,2549619,1.88,NYSE,12544
BTE,20250717 10:12:47.785000,6537323,100,2551219,1.88,NQEX,12544
BTE,20250717 10:12:47.795000,6537339,100,2551319,1.88,IEX,12544
BTE,20250717 10:12:49.406000,6540565,23,2551342,1.88,NQNX,12659
BTE,20250717 10:12:52.526000,6545807,200,2551542,1.88,IEX,12544
BTE,20250717 10:12:55.061000,6550514,1000,2552542,1.88,NQNX,12544
BTE,20250717 10:12:55.825000,6552212,9000,2561542,1.88,NQNX,12544
BTE,20250717 10:13:16.635000,6599165,500,2562042,1.89,NQNX,12544
BTE,20250717 10:13:24.416000,6614796,100,2562142,1.88,NQNX,12544
BTE,20250717 10:13:25.682000,6616879,100,2562242,1.88,NQNX,12544
BTE,20250717 10:13:29.626000,6624710,9600,2571842,1.88,NQNX,12544
BTE,20250717 10:13:31.860000,6628455,700,2572542,1.88,NQNX,12544
BTE,20250717 10:13:36.952000,6637275,100,2572642,1.88,NQNX,12544
BTE,20250717 10:13:37.214000,6637669,500,2573142,1.89,NQNX,12544
BTE,20250717 10:13:37.359000,6637951,30,2573172,1.88,NQNX,12659
BTE,20250717 10:13:37.369000,6637982,100,2573372,1.88,NQNX,12544
BTE,20250717 10:13:37.369000,6637981,100,2573272,1.89,NQNX,12544
BTE,20250717 10:13:38.503000,6640417,100,2573472,1.88,NQNX,12544
BTE,20250717 10:13:38.576000,6640528,100,2573572,1.88,NQNX,12544
BTE,20250717 10:13:43.122000,6648611,900,2574472,1.88,NQNX,12544
BTE,20250717 10:13:45.266000,6653864,500,2574972,1.89,NQNX,12544
BTE,20250717 10:13:46.031000,6656148,500,2575472,1.89,NQNX,12544
BTE,20250717 10:13:53.877000,6669930,500,2575972,1.89,NQNX,12544
BTE,20250717 10:13:53.879000,6669932,2800,2578772,1.88,NQNX,12544
BTE,20250717 10:13:58.787000,6680258,500,2579272,1.89,NQNX,12544
BTE,20250717 10:14:06.345000,6696451,200,2579472,1.88,NYSE,12639
BTE,20250717 10:14:22.327000,6727236,23,2579495,1.88,NQNX,12659
BTE,20250717 10:14:36.741000,6758847,600,2580095,1.89,NQNX,12544
BTE,20250717 10:14:53.295000,6788350,600,2580695,1.89,NQNX,12544
BTE,20250717 10:14:53.296000,6788353,1800,2582495,1.88,EDGX,12639
BTE,20250717 10:14:53.296000,6788354,100,2582595,1.89,CINC,12544
BTE,20250717 10:15:10.423000,6827994,200,2582795,1.88,MEMX,12639
BTE,20250717 10:15:11.342000,6829429,900,2583695,1.88,NQNX,12544
BTE,20250717 10:15:14.047000,6834912,21,2583716,1.88,NQNX,12659
BTE,20250717 10:15:24.094000,6855200,700,2584416,1.89,NQNX,12544
BTE,20250717 10:15:28.550000,6865373,100,2584516,1.88,NQNX,12544
BTE,20250717 10:15:29.548000,6867539,100,2584616,1.88,NQNX,12544
BTE,20250717 10:15:32.292000,6872709,100,2584716,1.88,EDGX,12544
BTE,20250717 10:15:58.166000,6945228,900,2585616,1.88,NQNX,12544
BTE,20250717 10:15:59.320000,6946746,700,2586316,1.89,NQNX,12544
BTE,20250717 10:16:00.143000,6948873,900,2587216,1.88,NQNX,12544
BTE,20250717 10:16:11.000000,6971577,200,2587416,1.88,IEX,12544
BTE,20250717 10:16:11.620000,6973093,700,2588116,1.89,NQNX,12544
BTE,20250717 10:16:16.480000,6984702,700,2588816,1.89,NQNX,12544
BTE,20250717 10:16:31.266000,7014727,700,2589516,1.88,NQNX,12544
BTE,20250717 10:16:33.705000,7029389,5,2589521,1.88,NQNX,12659
BTE,20250717 10:16:35.578000,7042918,9400,2598921,1.88,NQNX,12544
BTE,20250717 10:16:36.836000,7048650,45,2598966,1.88,NQNX,12659
BTE,20250717 10:16:37.623000,7051235,700,2599666,1.88,NQNX,12544
BTE,20250717 10:16:41.747000,7062449,3587,2603253,1.88,NQNX,12544
BTE,20250717 10:16:42.383000,7063545,8412,2611665,1.88,NQNX,12544
BTE,20250717 10:16:43.163000,7065095,8900,2620565,1.88,NQNX,12544
BTE,20250717 10:16:45.056000,7068582,8900,2629465,1.88,NQNX,12544
BTE,20250717 10:16:45.695000,7070371,8975,2638440,1.88,NQNX,12544
BTE,20250717 10:16:45.736000,7070441,1300,2639740,1.88,NQNX,12544
BTE,20250717 10:16:45.736000,7070442,1300,2641040,1.88,NQNX,12544
BTE,20250717 10:16:45.737000,7070443,2287,2643327,1.88,NQNX,12544
BTE,20250717 10:16:45.750000,7070487,3118,2646445,1.88,NQNX,12544
BTE,20250717 10:16:45.750000,7070488,5382,2651827,1.88,NQNX,12544
BTE,20250717 10:16:46.340000,7072217,500,2652327,1.88,NQNX,12544
BTE,20250717 10:16:46.949000,7074146,1164,2653491,1.88,NQNX,12544
BTE,20250717 10:16:46.950000,7074147,5526,2659017,1.88,NQNX,12544
BTE,20250717 10:16:46.950000,7074148,2210,2661227,1.88,NQNX,12544
BTE,20250717 10:16:46.987000,7074211,1128,2662355,1.88,NQNX,12544
BTE,20250717 10:16:47.158000,7074825,6,2662361,1.88,NQNX,12659
BTE,20250717 10:16:47.576000,7075491,3000,2665361,1.88,NQNX,12544
BTE,20250717 10:16:47.577000,7075494,5500,2670861,1.88,NQNX,12544
BTE,20250717 10:16:48.301000,7077404,9999,2680860,1.88,NQNX,12544
BTE,20250717 10:16:48.596000,7077940,1128,2681988,1.88,NQNX,12544
BTE,20250717 10:17:00.521000,7098598,9283,2691271,1.88,NQNX,12544
BTE,20250717 10:17:04.757000,7108169,9677,2701270,1.88,NQNX,12544
BTE,20250717 10:17:04.757000,7108168,322,2691593,1.88,NQNX,12544
BTE,20250717 10:17:06.758000,7113093,23,2701293,1.88,NQNX,12659
BTE,20250717 10:17:23.916000,7149740,100,2701393,1.88,NQNX,12544
BTE,20250717 10:17:32.111000,7166587,200,2701593,1.88,BATS,12639
BTE,20250717 10:17:32.216000,7166901,8800,2710393,1.88,NQNX,12544
BTE,20250717 10:17:32.590000,7167408,750,2741026,1.88,PACF,12639
BTE,20250717 10:17:32.590000,7167409,2000,2743026,1.88,EDGX,12639
BTE,20250717 10:17:32.590000,7167431,1800,2814852,1.88,NQEX,12639
BTE,20250717 10:17:32.590000,7167430,184,2813052,1.88,NQEX,12639
BTE,20250717 10:17:32.590000,7167403,2800,2736043,1.88,BATS,12639
BTE,20250717 10:17:32.590000,7167404,375,2736418,1.88,EDGX,12639
BTE,20250717 10:17:32.590000,7167432,400,2815252,1.88,NQEX,12639
BTE,20250717 10:17:32.590000,7167407,121,2740276,1.88,BATS,12639
BTE,20250717 10:17:32.590000,7167433,8400,2823652,1.88,NQEX,12639
BTE,20250717 10:17:32.590000,7167406,1800,2740155,1.88,EDGX,12639
BTE,20250717 10:17:32.590000,7167402,12000,2733243,1.88,MEMX,12639
BTE,20250717 10:17:32.590000,7167428,750,2812868,1.88,PACF,12639
BTE,20250717 10:17:32.590000,7167426,3100,2811118,1.88,PACF,12639
BTE,20250717 10:17:32.590000,7167427,1000,2812118,1.88,PACF,12639
BTE,20250717 10:17:32.590000,7167418,600,2754524,1.88,EDGX,12639
BTE,20250717 10:17:32.590000,7167417,600,2753924,1.88,BATS,12639
BTE,20250717 10:17:32.590000,7167416,3800,2753324,1.88,EDGX,12639
BTE,20250717 10:17:32.590000,7167415,100,2749524,1.88,BATS,12639
BTE,20250717 10:17:32.590000,7167414,2200,2749424,1.88,BATS,12639
BTE,20250717 10:17:32.590000,7167413,192,2747224,1.88,EDGX,12639
BTE,20250717 10:17:32.590000,7167400,750,2721143,1.88,MEMX,12639
BTE,20250717 10:17:32.590000,7167399,10000,2720393,1.88,MEMX,12639
BTE,20250717 10:17:32.590000,7167419,100,2754624,1.88,BATS,12639
BTE,20250717 10:17:32.590000,7167410,1000,2744026,1.88,PACF,12639
BTE,20250717 10:17:32.590000,7167411,2600,2746626,1.88,AMEX,12639
BTE,20250717 10:17:32.590000,7167412,406,2747032,1.88,PACF,12639
BTE,20250717 10:17:32.590000,7167424,2200,2808018,1.88,PACF,12639
BTE,20250717 10:17:32.590000,7167423,2494,2805818,1.88,PACF,12639
BTE,20250717 10:17:32.590000,7167421,48300,2803324,1.88,NYSE,12639
BTE,20250717 10:17:32.590000,7167401,100,2721243,1.88,MEMX,12639
BTE,20250717 10:17:32.590000,7167420,400,2755024,1.88,EDGX,12639
BTE,20250717 10:17:32.590000,7167405,1937,2738355,1.88,BATS,12639
BTE,20250717 10:17:32.591000,7167438,5,2823657,1.88,NQNX,12659
BTE,20250717 10:17:35.455000,7171912,3135,2826792,1.87,NQNX,12544
BTE,20250717 10:17:35.469000,7171918,1,2826793,1.87,MEMX,12659
BTE,20250717 10:17:35.506000,7172041,3101,2829894,1.87,NQNX,12544
BTE,20250717 10:17:35.643000,7172354,3091,2832985,1.87,NQNX,12544
BTE,20250717 10:17:39.506000,7181056,8800,2841785,1.87,NTRF,12544
BTE,20250717 10:17:39.534000,7181080,9283,2851068,1.87,NQNX,12544
BTE,20250717 10:17:40.569000,7183793,8412,2859480,1.87,NQNX,12544
BTE,20250717 10:17:41.368000,7185077,1500,2860980,1.87,NQNX,12544
BTE,20250717 10:17:41.936000,7185966,8975,2869955,1.87,NQNX,12544
BTE,20250717 10:17:43.836000,7190674,3587,2873542,1.87,NQNX,12544
BTE,20250717 10:17:45.267000,7193608,2256,2875798,1.87,NQNX,12544
BTE,20250717 10:17:45.451000,7193970,7174,2882972,1.87,NQNX,12544
BTE,20250717 10:17:47.531000,7197617,700,2883672,1.87,NQNX,12544
BTE,20250717 10:17:48.054000,7198776,8900,2892572,1.87,NQNX,12544
BTE,20250717 10:17:50.914000,7203414,8900,2901472,1.87,NTRF,12544
BTE,20250717 10:17:53.011000,7207148,2853,2911471,1.87,NQNX,12544
BTE,20250717 10:17:53.011000,7207147,7146,2908618,1.87,NQNX,12544
BTE,20250717 10:17:54.261000,7209095,700,2912171,1.88,NQNX,12544
BTE,20250717 10:17:55.804000,7212323,8900,2921071,1.88,NQNX,12544
BTE,20250717 10:17:55.806000,7212326,8900,2929971,1.87,NQNX,12544
BTE,20250717 10:17:59.325000,7217576,50,2930021,1.87,NQNX,12659
BTE,20250717 10:17:59.328000,7217581,100,2930121,1.87,NQNX,12544
BTE,20250717 10:18:01.275000,7221037,8900,2939121,1.87,NQNX,12544
BTE,20250717 10:18:01.275000,7221036,100,2930221,1.88,CINC,12639
BTE,20250717 10:18:01.275000,7221038,1,2939122,1.88,CINC,12659
BTE,20250717 10:18:03.003000,7227122,8500,2947622,1.87,NQNX,12544
BTE,20250717 10:18:04.800000,7232787,1732,2949854,1.88,BATY,12639
BTE,20250717 10:18:04.800000,7232782,100,2947822,1.88,BATY,12639
BTE,20250717 10:18:04.800000,7232785,95,2948022,1.88,BATY,12659
BTE,20250717 10:18:04.800000,7232784,5,2947927,1.88,BATY,12659
BTE,20250717 10:18:04.800000,7232783,100,2947922,1.88,BATY,12639
BTE,20250717 10:18:04.800000,7232781,100,2947722,1.88,BATY,12639
BTE,20250717 10:18:04.800000,7232786,100,2948122,1.88,BATY,12639
BTE,20250717 10:18:05.611000,7234321,8500,2958354,1.87,NQNX,12544
BTE,20250717 10:18:06.548000,7236367,2399,2960753,1.88,EDGX,12639
BTE,20250717 10:18:06.548000,7236368,900,2961653,1.88,NQNX,12544
BTE,20250717 10:18:06.549000,7236369,900,2962553,1.87,NQNX,12544
BTE,20250717 10:18:06.550000,7236374,6700,2969253,1.87,NQNX,12544
BTE,20250717 10:18:06.551000,7236375,2399,2971652,1.87,NQNX,12544
BTE,20250717 10:18:06.985000,7236870,1000,2972652,1.87,NQNX,12544
BTE,20250717 10:18:07.060000,7236989,8412,2981064,1.87,NQNX,12544
BTE,20250717 10:18:07.304000,7237406,2000,2983064,1.87,NQNX,12544
BTE,20250717 10:18:07.921000,7239362,3000,2986064,1.87,NQNX,12544
BTE,20250717 10:18:08.315000,7240666,5000,2991064,1.87,NQNX,12544
BTE,20250717 10:18:08.407000,7240800,4900,2995964,1.87,NQNX,12544
BTE,20250717 10:18:08.984000,7241747,100,2996064,1.87,NQNX,12544
BTE,20250717 10:18:09.113000,7241891,8500,3004564,1.87,NTRF,12544
BTE,20250717 10:18:09.965000,7243406,100,3004664,1.87,NQNX,12544
BTE,20250717 10:18:10.867000,7245223,1000,3005664,1.87,NQNX,12544
BTE,20250717 10:18:11.176000,7245819,100,3005764,1.87,NQNX,12544
BTE,20250717 10:18:11.213000,7245888,1,3005765,1.87,MEMX,12659
BTE,20250717 10:18:11.994000,7246826,1,3005766,1.87,MEMX,12659
BTE,20250717 10:18:12.094000,7246970,3,3005869,1.88,CINC,12659
BTE,20250717 10:18:12.094000,7246969,100,3005866,1.88,CINC,12639
BTE,20250717 10:18:12.498000,7247507,3800,3009669,1.87,NQNX,12544
BTE,20250717 10:18:12.984000,7248227,1600,3011269,1.87,NQNX,12544
BTE,20250717 10:18:13.001000,7248246,2,3011271,1.87,MEMX,12659
BTE,20250717 10:18:13.252000,7248688,5000,3016271,1.87,NQNX,12544
BTE,20250717 10:18:14.824000,7252172,8500,3024771,1.87,NQNX,12544
BTE,20250717 10:18:14.826000,7252173,187,3024958,1.88,IEX,12544
BTE,20250717 10:18:16.729000,7258649,9875,3034833,1.87,NQNX,12544
BTE,20250717 10:18:17.352000,7259766,8900,3043733,1.87,NQNX,12544
BTE,20250717 10:18:18.444000,7262222,5000,3048733,1.87,NQNX,12544
BTE,20250717 10:18:20.761000,7267291,1265,3058026,1.87,NQNX,12544
