SymbolId,CurrentTime,Index,Bid,BidSize,Ask,AskSize,BidCondition,AskCondition,BidExchange,AskExchange
DNB,20250717 08:10:08.116000,0,9.1,2,9.11,84,REGULAR,REGULAR,BATS,10305
DNB,20250717 09:22:08.270000,0,9.1,43,9.11,11,REGULAR,REGULAR,NQEX,10241
DNB,20250717 09:22:08.270000,0,9.1,43,9.11,11,REGULAR,REGULAR,NQEX,10241
DNB,20250717 09:22:08.270000,0,9.1,43,9.11,11,REGULAR,REGULAR,NQEX,10241
DNB,20250717 09:22:08.270000,0,9.1,43,9.11,11,REGULAR,REGULAR,NQEX,10241
DNB,20250717 09:22:08.270000,0,9.1,43,9.11,11,REGULAR,REGULAR,NQEX,10241
DNB,20250717 09:22:08.270000,0,9.1,43,9.11,11,REGULAR,REGULAR,NQEX,10241
DNB,20250717 09:22:08.270000,0,9.1,43,9.11,11,REGULAR,REGULAR,NQEX,10241
DNB,20250717 09:22:08.270000,0,9.1,43,9.11,11,REGULAR,REGULAR,NQEX,10241
DNB,20250717 09:22:08.270000,0,9.1,43,9.11,11,REGULAR,REGULAR,NQEX,10241
DNB,20250717 09:22:08.270000,0,9.1,43,9.11,11,REGULAR,REGULAR,NQEX,10241
DNB,20250717 09:30:00.049000,0,9.1,42,9.11,227,REGULAR,REGULAR,NQEX,10241
DNB,20250717 09:30:01.076000,0,9.1,42,9.11,230,REGULAR,REGULAR,NQEX,10241
DNB,20250717 09:30:01.076000,0,9.1,42,9.11,230,REGULAR,REGULAR,NQEX,10241
DNB,20250717 09:30:01.079000,0,9.11,3960,9.11,230,REGULAR,REGULAR,NYSE,10241
DNB,20250717 09:30:01.080000,0,9.11,3961,9.11,104,REGULAR,REGULAR,NYSE,10241
DNB,20250717 09:30:01.080000,0,9.11,3961,9.11,104,REGULAR,REGULAR,NYSE,10241
DNB,20250717 09:30:01.080000,0,9.11,3961,9.11,104,REGULAR,REGULAR,NYSE,10241
DNB,20250717 09:30:01.080000,0,9.11,3961,9.11,104,REGULAR,REGULAR,NYSE,10241
DNB,20250717 09:30:01.080000,0,9.11,3961,9.11,104,REGULAR,REGULAR,NYSE,10241
DNB,20250717 09:30:01.080000,0,9.11,3961,9.11,104,REGULAR,REGULAR,NYSE,10241
DNB,20250717 09:30:01.080000,0,9.11,3961,9.11,104,REGULAR,REGULAR,NYSE,10241
DNB,20250717 09:30:01.080000,0,9.11,3961,9.11,104,REGULAR,REGULAR,NYSE,10241
DNB,20250717 09:30:01.080000,0,9.11,3961,9.11,104,REGULAR,REGULAR,NYSE,10241
DNB,20250717 09:30:01.080000,0,9.11,3961,9.11,104,REGULAR,REGULAR,NYSE,10241
DNB,20250717 09:30:01.080000,0,9.11,3961,9.11,104,REGULAR,REGULAR,NYSE,10241
DNB,20250717 09:30:01.080000,0,9.11,3961,9.11,104,REGULAR,REGULAR,NYSE,10241
DNB,20250717 09:30:01.080000,0,9.11,3961,9.11,104,REGULAR,REGULAR,NYSE,10241
DNB,20250717 09:30:01.080000,0,9.11,3961,9.11,104,REGULAR,REGULAR,NYSE,10241
DNB,20250717 09:30:01.080000,0,9.11,3961,9.11,104,REGULAR,REGULAR,NYSE,10241
DNB,20250717 09:30:01.080000,0,9.11,3961,9.11,104,REGULAR,REGULAR,NYSE,10241
DNB,20250717 09:30:01.080000,0,9.11,3961,9.11,104,REGULAR,REGULAR,NYSE,10241
DNB,20250717 09:30:01.080000,0,9.11,3961,9.11,104,REGULAR,REGULAR,NYSE,10241
DNB,20250717 09:30:01.080000,0,9.11,3961,9.11,104,REGULAR,REGULAR,NYSE,10241
DNB,20250717 09:30:01.080000,0,9.11,3961,9.11,104,REGULAR,REGULAR,NYSE,10241
DNB,20250717 09:30:01.080000,0,9.11,3961,9.11,104,REGULAR,REGULAR,NYSE,10241
DNB,20250717 09:30:01.080000,0,9.11,3961,9.11,104,REGULAR,REGULAR,NYSE,10241
DNB,20250717 09:30:01.080000,0,9.11,3961,9.11,104,REGULAR,REGULAR,NYSE,10241
DNB,20250717 09:30:01.080000,0,9.11,3961,9.11,104,REGULAR,REGULAR,NYSE,10241
DNB,20250717 09:30:01.080000,0,9.11,3961,9.11,104,REGULAR,REGULAR,NYSE,10241
DNB,20250717 09:30:01.080000,0,9.11,3961,9.11,104,REGULAR,REGULAR,NYSE,10241
DNB,20250717 09:30:01.080000,0,9.11,3961,9.11,104,REGULAR,REGULAR,NYSE,10241
DNB,20250717 09:30:01.080000,0,9.11,3961,9.11,104,REGULAR,REGULAR,NYSE,10241
DNB,20250717 09:30:01.080000,0,9.11,3961,9.11,104,REGULAR,REGULAR,NYSE,10241
DNB,20250717 09:30:01.080000,0,9.11,3961,9.11,104,REGULAR,REGULAR,NYSE,10241
DNB,20250717 09:30:01.080000,0,9.11,3961,9.11,104,REGULAR,REGULAR,NYSE,10241
DNB,20250717 09:30:01.080000,0,9.11,3961,9.11,104,REGULAR,REGULAR,NYSE,10241
DNB,20250717 09:30:01.080000,0,9.11,3961,9.11,104,REGULAR,REGULAR,NYSE,10241
DNB,20250717 09:30:01.080000,0,9.11,3961,9.11,104,REGULAR,REGULAR,NYSE,10241
DNB,20250717 09:30:01.080000,0,9.11,3961,9.11,104,REGULAR,REGULAR,NYSE,10241
DNB,20250717 09:30:01.080000,0,9.11,3961,9.11,104,REGULAR,REGULAR,NYSE,10241
DNB,20250717 09:30:01.080000,0,9.11,3961,9.11,104,REGULAR,REGULAR,NYSE,10241
DNB,20250717 09:30:01.081000,0,9.11,3961,9.11,52,REGULAR,REGULAR,NYSE,10241
DNB,20250717 09:30:01.081000,0,9.11,3961,9.11,52,REGULAR,REGULAR,NYSE,10241
DNB,20250717 09:30:01.081000,0,9.11,3961,9.11,52,REGULAR,REGULAR,NYSE,10241
DNB,20250717 09:30:01.081000,0,9.11,3961,9.11,52,REGULAR,REGULAR,NYSE,10241
DNB,20250717 09:30:01.081000,0,9.11,3961,9.11,52,REGULAR,REGULAR,NYSE,10241
DNB,20250717 09:30:01.081000,0,9.11,3961,9.11,52,REGULAR,REGULAR,NYSE,10241
DNB,20250717 09:30:01.081000,0,9.11,3961,9.11,52,REGULAR,REGULAR,NYSE,10241
DNB,20250717 09:30:01.081000,0,9.11,3961,9.11,52,REGULAR,REGULAR,NYSE,10241
DNB,20250717 09:30:01.081000,0,9.11,3961,9.11,52,REGULAR,REGULAR,NYSE,10241
DNB,20250717 09:30:01.141000,0,9.11,3782,9.11,3,REGULAR,REGULAR,NYSE,10300
DNB,20250717 09:30:01.190000,0,9.11,3782,9.11,1821,REGULAR,REGULAR,NYSE,10243
DNB,20250717 09:30:01.190000,0,9.11,3782,9.11,1821,REGULAR,REGULAR,NYSE,10243
DNB,20250717 09:30:01.190000,0,9.11,3782,9.11,1821,REGULAR,REGULAR,NYSE,10243
DNB,20250717 09:30:01.190000,0,9.11,3782,9.11,1821,REGULAR,REGULAR,NYSE,10243
DNB,20250717 09:30:01.190000,0,9.11,3782,9.11,1821,REGULAR,REGULAR,NYSE,10243
DNB,20250717 09:30:01.597000,0,9.11,3782,9.11,1833,REGULAR,REGULAR,NYSE,10243
DNB,20250717 09:30:01.605000,0,9.11,3782,9.11,1833,REGULAR,REGULAR,NYSE,10243
DNB,20250717 09:30:01.613000,0,9.11,3782,9.11,1833,REGULAR,REGULAR,NYSE,10243
DNB,20250717 09:30:01.753000,0,9.11,3782,9.11,1853,REGULAR,REGULAR,NYSE,10243
DNB,20250717 09:30:01.768000,0,9.11,3700,9.11,1853,REGULAR,REGULAR,NYSE,10243
DNB,20250717 09:30:01.798000,0,9.11,3700,9.11,1853,REGULAR,REGULAR,NYSE,10243
DNB,20250717 09:30:01.837000,0,9.11,3700,9.11,1853,REGULAR,REGULAR,NYSE,10243
DNB,20250717 09:30:02.354000,0,9.11,3700,9.11,1853,REGULAR,REGULAR,NYSE,10243
DNB,20250717 09:30:03.045000,0,9.11,3700,9.11,1853,REGULAR,REGULAR,NYSE,10243
DNB,20250717 09:30:03.117000,0,9.11,3700,9.11,1853,REGULAR,REGULAR,NYSE,10243
DNB,20250717 09:30:03.362000,0,9.11,3700,9.11,1853,REGULAR,REGULAR,NYSE,10243
DNB,20250717 09:30:03.379000,0,9.11,3700,9.11,1853,REGULAR,REGULAR,NYSE,10243
DNB,20250717 09:30:03.811000,0,9.11,3777,9.11,1853,REGULAR,REGULAR,NYSE,10243
DNB,20250717 09:30:05.931000,0,9.11,3777,9.11,1851,REGULAR,REGULAR,NYSE,10243
DNB,20250717 09:30:07.709000,0,9.11,3777,9.11,1851,REGULAR,REGULAR,NYSE,10243
DNB,20250717 09:30:09.158000,0,9.11,3777,9.11,1851,REGULAR,REGULAR,NYSE,10243
DNB,20250717 09:30:11.994000,0,9.11,3777,9.11,1851,REGULAR,REGULAR,NYSE,10243
DNB,20250717 09:30:13.540000,0,9.11,3777,9.11,1851,REGULAR,REGULAR,NYSE,10243
DNB,20250717 09:30:13.588000,0,9.11,3777,9.11,1851,REGULAR,REGULAR,NYSE,10243
DNB,20250717 09:30:15.363000,0,9.11,3777,9.11,1851,REGULAR,REGULAR,NYSE,10243
DNB,20250717 09:30:15.402000,0,9.11,3777,9.11,1851,REGULAR,REGULAR,NYSE,10243
DNB,20250717 09:30:18.510000,0,9.11,3777,9.11,1918,REGULAR,REGULAR,NYSE,10243
DNB,20250717 09:30:19.858000,0,9.11,3777,9.11,1918,REGULAR,REGULAR,NYSE,10243
DNB,20250717 09:30:31.334000,0,9.11,3814,9.11,1888,REGULAR,REGULAR,NYSE,10243
DNB,20250717 09:30:33.082000,0,9.11,3777,9.11,1888,REGULAR,REGULAR,NYSE,10243
DNB,20250717 09:30:33.085000,0,9.11,3777,9.11,1888,REGULAR,REGULAR,NYSE,10243
DNB,20250717 09:30:33.086000,0,9.11,3777,9.11,1888,REGULAR,REGULAR,NYSE,10243
DNB,20250717 09:30:41.083000,0,9.11,3777,9.11,1851,REGULAR,REGULAR,NYSE,10243
DNB,20250717 09:30:41.084000,0,9.11,3777,9.11,1918,REGULAR,REGULAR,NYSE,10243
DNB,20250717 09:30:41.084000,0,9.11,3777,9.11,1918,REGULAR,REGULAR,NYSE,10243
DNB,20250717 09:30:41.084000,0,9.11,3777,9.11,1918,REGULAR,REGULAR,NYSE,10243
DNB,20250717 09:30:49.084000,0,9.11,3777,9.11,1918,REGULAR,REGULAR,NYSE,10243
DNB,20250717 09:30:55.047000,0,9.11,3777,9.11,1888,REGULAR,REGULAR,NYSE,10243
DNB,20250717 09:30:55.047000,0,9.11,3777,9.11,1888,REGULAR,REGULAR,NYSE,10243
DNB,20250717 09:31:00.059000,0,9.11,3777,9.11,1888,REGULAR,REGULAR,NYSE,10243
DNB,20250717 09:31:00.059000,0,9.11,3777,9.11,1888,REGULAR,REGULAR,NYSE,10243
DNB,20250717 09:31:00.063000,0,9.11,3777,9.11,1888,REGULAR,REGULAR,NYSE,10243
DNB,20250717 09:31:01.170000,0,9.11,3777,9.11,1888,REGULAR,REGULAR,NYSE,10243
DNB,20250717 09:31:05.081000,0,9.11,3777,9.11,1888,REGULAR,REGULAR,NYSE,10243
DNB,20250717 09:31:05.081000,0,9.11,3777,9.11,1888,REGULAR,REGULAR,NYSE,10243
DNB,20250717 09:31:05.081000,0,9.11,3777,9.11,1888,REGULAR,REGULAR,NYSE,10243
DNB,20250717 09:31:05.082000,0,9.11,3777,9.11,1888,REGULAR,REGULAR,NYSE,10243
DNB,20250717 09:31:05.656000,0,9.11,3777,9.11,1888,REGULAR,REGULAR,NYSE,10243
DNB,20250717 09:31:06.224000,0,9.11,3777,9.11,1888,REGULAR,REGULAR,NYSE,10243
DNB,20250717 09:31:08.953000,0,9.11,3777,9.11,1888,REGULAR,REGULAR,NYSE,10243
DNB,20250717 09:31:09.370000,0,9.11,3777,9.11,1888,REGULAR,REGULAR,NYSE,10243
DNB,20250717 09:31:09.854000,0,9.11,3777,9.11,1888,REGULAR,REGULAR,NYSE,10243
DNB,20250717 09:31:10.770000,0,9.11,3777,9.11,1888,REGULAR,REGULAR,NYSE,10243
DNB,20250717 09:31:10.937000,0,9.11,3777,9.11,1888,REGULAR,REGULAR,NYSE,10243
DNB,20250717 09:31:11.268000,0,9.11,3777,9.11,1888,REGULAR,REGULAR,NYSE,10243
DNB,20250717 09:31:11.268000,0,9.11,3777,9.11,1888,REGULAR,REGULAR,NYSE,10243
DNB,20250717 09:31:11.268000,0,9.11,3777,9.11,1888,REGULAR,REGULAR,NYSE,10243
DNB,20250717 09:31:11.268000,0,9.11,3777,9.11,1888,REGULAR,REGULAR,NYSE,10243
DNB,20250717 09:31:11.268000,0,9.11,3777,9.11,1888,REGULAR,REGULAR,NYSE,10243
DNB,20250717 09:31:11.268000,0,9.11,3777,9.11,1888,REGULAR,REGULAR,NYSE,10243
DNB,20250717 09:31:11.268000,0,9.11,3777,9.11,1888,REGULAR,REGULAR,NYSE,10243
DNB,20250717 09:31:11.268000,0,9.11,3777,9.11,1888,REGULAR,REGULAR,NYSE,10243
DNB,20250717 09:31:11.268000,0,9.11,3777,9.11,1888,REGULAR,REGULAR,NYSE,10243
DNB,20250717 09:31:11.856000,0,9.11,3777,9.11,1888,REGULAR,REGULAR,NYSE,10243
DNB,20250717 09:31:12.481000,0,9.11,3777,9.11,1888,REGULAR,REGULAR,NYSE,10243
DNB,20250717 09:31:13.145000,0,9.11,3777,9.11,1888,REGULAR,REGULAR,NYSE,10243
DNB,20250717 09:31:13.483000,0,9.11,3777,9.11,1888,REGULAR,REGULAR,NYSE,10243
DNB,20250717 09:31:13.484000,0,9.11,3777,9.11,1888,REGULAR,REGULAR,NYSE,10243
DNB,20250717 09:31:13.484000,0,9.11,3777,9.11,1888,REGULAR,REGULAR,NYSE,10243
DNB,20250717 09:31:13.484000,0,9.11,3777,9.11,1888,REGULAR,REGULAR,NYSE,10243
DNB,20250717 09:31:13.990000,0,9.11,3777,9.11,1888,REGULAR,REGULAR,NYSE,10243
DNB,20250717 09:31:13.990000,0,9.11,3777,9.11,1888,REGULAR,REGULAR,NYSE,10243
DNB,20250717 09:31:13.990000,0,9.11,3777,9.11,1888,REGULAR,REGULAR,NYSE,10243
DNB,20250717 09:31:13.990000,0,9.11,3777,9.11,1888,REGULAR,REGULAR,NYSE,10243
DNB,20250717 09:31:13.990000,0,9.11,3777,9.11,1888,REGULAR,REGULAR,NYSE,10243
DNB,20250717 09:31:15.042000,0,9.11,3777,9.11,1888,REGULAR,REGULAR,NYSE,10243
DNB,20250717 09:31:16.208000,0,9.11,3777,9.11,1888,REGULAR,REGULAR,NYSE,10243
DNB,20250717 09:31:17.029000,0,9.11,3777,9.11,1888,REGULAR,REGULAR,NYSE,10243
DNB,20250717 09:31:17.970000,0,9.11,3777,9.11,1888,REGULAR,REGULAR,NYSE,10243
DNB,20250717 09:31:20.311000,0,9.11,3777,9.11,1888,REGULAR,REGULAR,NYSE,10243
DNB,20250717 09:31:20.786000,0,9.11,3777,9.11,1888,REGULAR,REGULAR,NYSE,10243
DNB,20250717 09:31:22.896000,0,9.11,3777,9.11,1888,REGULAR,REGULAR,NYSE,10243
DNB,20250717 09:31:22.898000,0,9.11,3777,9.11,1888,REGULAR,REGULAR,NYSE,10243
DNB,20250717 09:31:22.898000,0,9.11,3777,9.11,1888,REGULAR,REGULAR,NYSE,10243
DNB,20250717 09:31:22.899000,0,9.11,3777,9.11,1888,REGULAR,REGULAR,NYSE,10243
DNB,20250717 09:31:22.899000,0,9.11,3777,9.11,1888,REGULAR,REGULAR,NYSE,10243
DNB,20250717 09:31:22.899000,0,9.11,3777,9.11,1888,REGULAR,REGULAR,NYSE,10243
DNB,20250717 09:31:24.444000,0,9.11,3777,9.11,1888,REGULAR,REGULAR,NYSE,10243
DNB,20250717 09:31:25.004000,0,9.11,3777,9.11,1888,REGULAR,REGULAR,NYSE,10243
DNB,20250717 09:31:26.632000,0,9.11,3777,9.11,1888,REGULAR,REGULAR,NYSE,10243
DNB,20250717 09:31:27.133000,0,9.11,3777,9.11,1888,REGULAR,REGULAR,NYSE,10243
DNB,20250717 09:31:29.633000,0,9.11,3777,9.11,1888,REGULAR,REGULAR,NYSE,10243
DNB,20250717 09:31:29.633000,0,9.11,3777,9.11,1888,REGULAR,REGULAR,NYSE,10243
DNB,20250717 09:31:29.633000,0,9.11,3777,9.11,1888,REGULAR,REGULAR,NYSE,10243
DNB,20250717 09:31:29.633000,0,9.11,3777,9.11,1888,REGULAR,REGULAR,NYSE,10243
DNB,20250717 09:31:29.633000,0,9.11,3777,9.11,1888,REGULAR,REGULAR,NYSE,10243
DNB,20250717 09:31:29.633000,0,9.11,3777,9.11,1888,REGULAR,REGULAR,NYSE,10243
DNB,20250717 09:31:29.634000,0,9.11,3777,9.11,1888,REGULAR,REGULAR,NYSE,10243
DNB,20250717 09:31:30.971000,0,9.11,3777,9.11,1888,REGULAR,REGULAR,NYSE,10243
DNB,20250717 09:31:30.971000,0,9.11,3777,9.11,1888,REGULAR,REGULAR,NYSE,10243
DNB,20250717 09:31:30.971000,0,9.11,3777,9.11,1888,REGULAR,REGULAR,NYSE,10243
DNB,20250717 09:31:30.971000,0,9.11,3777,9.11,1888,REGULAR,REGULAR,NYSE,10243
DNB,20250717 09:31:32.133000,0,9.11,3777,9.11,1888,REGULAR,REGULAR,NYSE,10243
DNB,20250717 09:31:38.971000,0,9.11,3814,9.11,1888,REGULAR,REGULAR,NYSE,10243
DNB,20250717 09:31:38.971000,0,9.11,3814,9.11,1888,REGULAR,REGULAR,NYSE,10243
DNB,20250717 09:31:38.971000,0,9.11,3814,9.11,1888,REGULAR,REGULAR,NYSE,10243
DNB,20250717 09:31:38.971000,0,9.11,3814,9.11,1888,REGULAR,REGULAR,NYSE,10243
DNB,20250717 09:31:39.605000,0,9.11,3814,9.11,1888,REGULAR,REGULAR,NYSE,10243
DNB,20250717 09:31:42.329000,0,9.11,3777,9.11,1888,REGULAR,REGULAR,NYSE,10243
DNB,20250717 09:31:42.815000,0,9.11,3777,9.11,1888,REGULAR,REGULAR,NYSE,10243
DNB,20250717 09:31:43.265000,0,9.11,3777,9.11,1888,REGULAR,REGULAR,NYSE,10243
DNB,20250717 09:31:44.223000,0,9.11,3777,9.11,1888,REGULAR,REGULAR,NYSE,10243
DNB,20250717 09:31:46.971000,0,9.11,3814,9.11,1888,REGULAR,REGULAR,NYSE,10243
DNB,20250717 09:31:46.971000,0,9.11,3814,9.11,1888,REGULAR,REGULAR,NYSE,10243
DNB,20250717 09:31:48.541000,0,9.11,3816,9.11,1888,REGULAR,REGULAR,NYSE,10243
DNB,20250717 09:31:50.447000,0,9.11,3779,9.11,1888,REGULAR,REGULAR,NYSE,10243
DNB,20250717 09:31:51.946000,0,9.11,3779,9.11,1888,REGULAR,REGULAR,NYSE,10243
DNB,20250717 09:31:54.845000,0,9.11,3816,9.11,1888,REGULAR,REGULAR,NYSE,10243
DNB,20250717 09:31:56.014000,0,9.11,3816,9.11,1888,REGULAR,REGULAR,NYSE,10243
DNB,20250717 09:31:56.015000,0,9.11,3816,9.11,1888,REGULAR,REGULAR,NYSE,10243
DNB,20250717 09:31:56.015000,0,9.11,3816,9.11,1888,REGULAR,REGULAR,NYSE,10243
DNB,20250717 09:31:56.015000,0,9.11,3816,9.11,1888,REGULAR,REGULAR,NYSE,10243
DNB,20250717 09:31:56.015000,0,9.11,3816,9.11,1888,REGULAR,REGULAR,NYSE,10243
DNB,20250717 09:31:56.016000,0,9.11,3816,9.11,1888,REGULAR,REGULAR,NYSE,10243
DNB,20250717 09:32:01.150000,0,9.11,3816,9.11,1888,REGULAR,REGULAR,NYSE,10243
DNB,20250717 09:32:03.017000,0,9.11,3816,9.11,1888,REGULAR,REGULAR,NYSE,10243
DNB,20250717 09:32:03.533000,0,9.11,3816,9.11,1888,REGULAR,REGULAR,NYSE,10243
DNB,20250717 09:32:04.319000,0,9.11,3816,9.11,1888,REGULAR,REGULAR,NYSE,10243
DNB,20250717 09:32:04.886000,0,9.11,3779,9.11,1888,REGULAR,REGULAR,NYSE,10243
DNB,20250717 09:32:05.222000,0,9.11,3816,9.11,1888,REGULAR,REGULAR,NYSE,10243
DNB,20250717 09:32:05.427000,0,9.11,3816,9.11,1888,REGULAR,REGULAR,NYSE,10243
DNB,20250717 09:32:05.428000,0,9.11,3816,9.11,1888,REGULAR,REGULAR,NYSE,10243
DNB,20250717 09:32:05.428000,0,9.11,3816,9.11,1888,REGULAR,REGULAR,NYSE,10243
DNB,20250717 09:32:09.934000,0,9.11,3816,9.11,1888,REGULAR,REGULAR,NYSE,10243
DNB,20250717 09:32:14.950000,0,9.11,3779,9.11,1888,REGULAR,REGULAR,NYSE,10243
DNB,20250717 09:32:14.950000,0,9.11,3779,9.11,1888,REGULAR,REGULAR,NYSE,10243
DNB,20250717 09:32:16.078000,0,9.11,3779,9.11,1888,REGULAR,REGULAR,NYSE,10243
DNB,20250717 09:32:18.492000,0,9.11,3779,9.11,1888,REGULAR,REGULAR,NYSE,10243
DNB,20250717 09:32:19.964000,0,9.11,3779,9.11,1888,REGULAR,REGULAR,NYSE,10243
DNB,20250717 09:32:21.071000,0,9.11,3779,9.11,1888,REGULAR,REGULAR,NYSE,10243
DNB,20250717 09:32:21.585000,0,9.11,3779,9.11,1888,REGULAR,REGULAR,NYSE,10243
DNB,20250717 09:32:22.158000,0,9.11,3779,9.11,1888,REGULAR,REGULAR,NYSE,10243
DNB,20250717 09:32:22.980000,0,9.11,3816,9.11,1888,REGULAR,REGULAR,NYSE,10243
DNB,20250717 09:32:22.980000,0,9.11,3816,9.11,1888,REGULAR,REGULAR,NYSE,10243
DNB,20250717 09:32:24.979000,0,9.11,3816,9.11,1888,REGULAR,REGULAR,NYSE,10243
DNB,20250717 09:32:24.979000,0,9.11,3816,9.11,1888,REGULAR,REGULAR,NYSE,10243
DNB,20250717 09:32:24.980000,0,9.11,3816,9.11,1888,REGULAR,REGULAR,NYSE,10243
DNB,20250717 09:32:24.980000,0,9.11,3816,9.11,1888,REGULAR,REGULAR,NYSE,10243
DNB,20250717 09:32:25.666000,0,9.11,3816,9.11,1888,REGULAR,REGULAR,NYSE,10243
DNB,20250717 09:32:25.666000,0,9.11,3816,9.11,1888,REGULAR,REGULAR,NYSE,10243
DNB,20250717 09:32:25.928000,0,9.11,3816,9.11,1888,REGULAR,REGULAR,NYSE,10243
DNB,20250717 09:32:27.657000,0,9.11,3814,9.11,1888,REGULAR,REGULAR,NYSE,10243
DNB,20250717 09:32:29.071000,0,9.11,3814,9.11,1888,REGULAR,REGULAR,NYSE,10243
DNB,20250717 09:32:29.071000,0,9.11,3814,9.11,1888,REGULAR,REGULAR,NYSE,10243
DNB,20250717 09:32:30.843000,0,9.11,3814,9.11,1877,REGULAR,REGULAR,NYSE,10243
DNB,20250717 09:32:31.902000,0,9.11,3814,9.11,1877,REGULAR,REGULAR,NYSE,10243
DNB,20250717 09:32:33.072000,0,9.11,3814,9.11,1877,REGULAR,REGULAR,NYSE,10243
DNB,20250717 09:32:33.072000,0,9.11,3814,9.11,1877,REGULAR,REGULAR,NYSE,10243
DNB,20250717 09:32:33.073000,0,9.11,3814,9.11,1877,REGULAR,REGULAR,NYSE,10243
DNB,20250717 09:32:33.073000,0,9.11,3814,9.11,1877,REGULAR,REGULAR,NYSE,10243
DNB,20250717 09:32:34.074000,0,9.11,3814,9.11,1877,REGULAR,REGULAR,NYSE,10243
DNB,20250717 09:32:34.747000,0,9.11,3814,9.11,1877,REGULAR,REGULAR,NYSE,10243
DNB,20250717 09:32:36.008000,0,9.11,3814,9.11,1877,REGULAR,REGULAR,NYSE,10243
DNB,20250717 09:32:36.353000,0,9.11,3814,9.11,1877,REGULAR,REGULAR,NYSE,10243
DNB,20250717 09:32:36.353000,0,9.11,3814,9.11,1877,REGULAR,REGULAR,NYSE,10243
DNB,20250717 09:32:40.040000,0,9.11,3825,9.11,1877,REGULAR,REGULAR,NYSE,10243
DNB,20250717 09:32:40.040000,0,9.11,3825,9.11,1877,REGULAR,REGULAR,NYSE,10243
DNB,20250717 09:32:41.041000,0,9.11,3825,9.11,1877,REGULAR,REGULAR,NYSE,10243
DNB,20250717 09:32:41.041000,0,9.11,3825,9.11,1877,REGULAR,REGULAR,NYSE,10243
DNB,20250717 09:32:41.042000,0,9.11,3825,9.11,1877,REGULAR,REGULAR,NYSE,10243
DNB,20250717 09:32:41.042000,0,9.11,3825,9.11,1877,REGULAR,REGULAR,NYSE,10243
DNB,20250717 09:32:49.042000,0,9.11,3825,9.11,1877,REGULAR,REGULAR,NYSE,10243
DNB,20250717 09:32:49.043000,0,9.11,3825,9.11,1877,REGULAR,REGULAR,NYSE,10243
DNB,20250717 09:32:49.043000,0,9.11,3825,9.11,1877,REGULAR,REGULAR,NYSE,10243
DNB,20250717 09:32:49.043000,0,9.11,3825,9.11,1877,REGULAR,REGULAR,NYSE,10243
DNB,20250717 09:32:49.247000,0,9.11,3825,9.11,1877,REGULAR,REGULAR,NYSE,10243
DNB,20250717 09:32:57.105000,0,9.11,3825,9.11,1877,REGULAR,REGULAR,NYSE,10243
DNB,20250717 09:32:57.106000,0,9.11,3825,9.11,1877,REGULAR,REGULAR,NYSE,10243
DNB,20250717 09:32:57.106000,0,9.11,3825,9.11,1877,REGULAR,REGULAR,NYSE,10243
DNB,20250717 09:32:57.106000,0,9.11,3825,9.11,1877,REGULAR,REGULAR,NYSE,10243
DNB,20250717 09:33:07.109000,0,9.11,3825,9.11,1877,REGULAR,REGULAR,NYSE,10243
DNB,20250717 09:33:07.110000,0,9.11,3825,9.11,1877,REGULAR,REGULAR,NYSE,10243
DNB,20250717 09:33:07.110000,0,9.11,3825,9.11,1877,REGULAR,REGULAR,NYSE,10243
DNB,20250717 09:33:07.110000,0,9.11,3825,9.11,1877,REGULAR,REGULAR,NYSE,10243
DNB,20250717 09:33:09.063000,0,9.11,3825,9.11,1877,REGULAR,REGULAR,NYSE,10243
DNB,20250717 09:33:17.109000,0,9.11,3825,9.11,1877,REGULAR,REGULAR,NYSE,10243
DNB,20250717 09:33:17.109000,0,9.11,3825,9.11,1877,REGULAR,REGULAR,NYSE,10243
DNB,20250717 09:33:17.109000,0,9.11,3825,9.11,1877,REGULAR,REGULAR,NYSE,10243
DNB,20250717 09:33:17.110000,0,9.11,3825,9.11,1877,REGULAR,REGULAR,NYSE,10243
DNB,20250717 09:33:18.289000,0,9.11,3825,9.11,1877,REGULAR,REGULAR,NYSE,10243
DNB,20250717 09:33:18.388000,0,9.11,3825,9.11,1877,REGULAR,REGULAR,NYSE,10243
DNB,20250717 09:33:19.826000,0,9.11,3825,9.11,1996,REGULAR,REGULAR,NYSE,10243
DNB,20250717 09:33:19.826000,0,9.11,3825,9.11,1996,REGULAR,REGULAR,NYSE,10243
DNB,20250717 09:33:19.856000,0,9.11,3825,9.11,1922,REGULAR,REGULAR,NYSE,10243
DNB,20250717 09:33:25.873000,0,9.11,3825,9.11,1892,REGULAR,REGULAR,NYSE,10243
DNB,20250717 09:33:25.873000,0,9.11,3825,9.11,1892,REGULAR,REGULAR,NYSE,10243
DNB,20250717 09:33:25.873000,0,9.11,3825,9.11,1892,REGULAR,REGULAR,NYSE,10243
DNB,20250717 09:33:25.873000,0,9.11,3825,9.11,1892,REGULAR,REGULAR,NYSE,10243
DNB,20250717 09:33:26.466000,0,9.11,3825,9.11,1892,REGULAR,REGULAR,NYSE,10243
DNB,20250717 09:33:31.208000,0,9.11,3825,9.11,1892,REGULAR,REGULAR,NYSE,10243
DNB,20250717 09:33:36.223000,0,9.11,3825,9.11,1892,REGULAR,REGULAR,NYSE,10243
DNB,20250717 09:33:36.223000,0,9.11,3825,9.11,1892,REGULAR,REGULAR,NYSE,10243
DNB,20250717 09:33:36.223000,0,9.11,3825,9.11,1892,REGULAR,REGULAR,NYSE,10243
DNB,20250717 09:33:36.223000,0,9.11,3825,9.11,1892,REGULAR,REGULAR,NYSE,10243
DNB,20250717 09:33:36.224000,0,9.11,3825,9.11,1892,REGULAR,REGULAR,NYSE,10243
DNB,20250717 09:33:46.262000,0,9.11,3825,9.11,1877,REGULAR,REGULAR,NYSE,10243
DNB,20250717 09:33:46.263000,0,9.11,3825,9.11,1877,REGULAR,REGULAR,NYSE,10243
DNB,20250717 09:33:46.263000,0,9.11,3825,9.11,1877,REGULAR,REGULAR,NYSE,10243
DNB,20250717 09:33:46.263000,0,9.11,3825,9.11,1877,REGULAR,REGULAR,NYSE,10243
DNB,20250717 09:33:49.567000,0,9.11,3825,9.11,1877,REGULAR,REGULAR,NYSE,10243
DNB,20250717 09:33:55.229000,0,9.11,3825,9.11,1877,REGULAR,REGULAR,NYSE,10243
DNB,20250717 09:33:55.229000,0,9.11,3825,9.11,1877,REGULAR,REGULAR,NYSE,10243
DNB,20250717 09:33:55.230000,0,9.11,3825,9.11,1877,REGULAR,REGULAR,NYSE,10243
DNB,20250717 09:33:55.230000,0,9.11,3825,9.11,1877,REGULAR,REGULAR,NYSE,10243
DNB,20250717 09:33:55.230000,0,9.11,3825,9.11,1877,REGULAR,REGULAR,NYSE,10243
DNB,20250717 09:33:58.210000,0,9.11,3825,9.11,1877,REGULAR,REGULAR,NYSE,10243
DNB,20250717 09:33:58.295000,0,9.11,3825,9.11,1877,REGULAR,REGULAR,NYSE,10243
DNB,20250717 09:34:01.209000,0,9.11,3825,9.11,1877,REGULAR,REGULAR,NYSE,10243
DNB,20250717 09:34:01.210000,0,9.11,3825,9.11,1877,REGULAR,REGULAR,NYSE,10243
DNB,20250717 09:34:04.429000,0,9.11,3825,9.11,1877,REGULAR,REGULAR,NYSE,10243
DNB,20250717 09:34:04.520000,0,9.11,3825,9.11,1877,REGULAR,REGULAR,NYSE,10243
DNB,20250717 09:34:05.816000,0,9.11,3825,9.11,1877,REGULAR,REGULAR,NYSE,10243
DNB,20250717 09:34:09.317000,0,9.11,3825,9.11,1877,REGULAR,REGULAR,NYSE,10243
DNB,20250717 09:34:09.318000,0,9.11,3825,9.11,1877,REGULAR,REGULAR,NYSE,10243
DNB,20250717 09:34:09.318000,0,9.11,3825,9.11,1877,REGULAR,REGULAR,NYSE,10243
DNB,20250717 09:34:09.318000,0,9.11,3825,9.11,1877,REGULAR,REGULAR,NYSE,10243
DNB,20250717 09:34:09.318000,0,9.11,3825,9.11,1877,REGULAR,REGULAR,NYSE,10243
DNB,20250717 09:34:14.081000,0,9.11,3825,9.11,1877,REGULAR,REGULAR,NYSE,10243
DNB,20250717 09:34:14.086000,0,9.11,3825,9.11,1877,REGULAR,REGULAR,NYSE,10243
DNB,20250717 09:34:14.115000,0,9.11,3825,9.11,1877,REGULAR,REGULAR,NYSE,10243
DNB,20250717 09:34:14.448000,0,9.11,3825,9.11,1877,REGULAR,REGULAR,NYSE,10243
DNB,20250717 09:34:16.471000,0,9.11,3825,9.11,1877,REGULAR,REGULAR,NYSE,10243
DNB,20250717 09:34:19.960000,0,9.11,3825,9.11,1879,REGULAR,REGULAR,NYSE,10243
DNB,20250717 09:34:20.069000,0,9.11,3825,9.11,1879,REGULAR,REGULAR,NYSE,10243
DNB,20250717 09:34:21.350000,0,9.11,3825,9.11,1879,REGULAR,REGULAR,NYSE,10243
DNB,20250717 09:34:22.592000,0,9.11,3825,9.11,1879,REGULAR,REGULAR,NYSE,10243
DNB,20250717 09:34:22.642000,0,9.11,3825,9.11,1879,REGULAR,REGULAR,NYSE,10243
DNB,20250717 09:34:25.655000,0,9.11,3825,9.11,1879,REGULAR,REGULAR,NYSE,10243
DNB,20250717 09:34:29.138000,0,9.11,3825,9.11,1879,REGULAR,REGULAR,NYSE,10243
DNB,20250717 09:34:29.139000,0,9.11,3825,9.11,1879,REGULAR,REGULAR,NYSE,10243
DNB,20250717 09:34:29.139000,0,9.11,3825,9.11,1879,REGULAR,REGULAR,NYSE,10243
DNB,20250717 09:34:29.139000,0,9.11,3825,9.11,1879,REGULAR,REGULAR,NYSE,10243
DNB,20250717 09:34:31.476000,0,9.11,3825,9.11,1879,REGULAR,REGULAR,NYSE,10243
DNB,20250717 09:34:39.280000,0,9.11,3825,9.11,1879,REGULAR,REGULAR,NYSE,10243
DNB,20250717 09:34:42.368000,0,9.11,3825,9.11,1879,REGULAR,REGULAR,NYSE,10243
DNB,20250717 09:34:45.475000,0,9.11,3825,9.11,1879,REGULAR,REGULAR,NYSE,10243
DNB,20250717 09:34:51.667000,0,9.11,3825,9.11,1879,REGULAR,REGULAR,NYSE,10243
DNB,20250717 09:34:55.710000,0,9.11,3825,9.11,1879,REGULAR,REGULAR,NYSE,10243
DNB,20250717 09:35:00.463000,0,9.11,3825,9.11,1933,REGULAR,REGULAR,NYSE,10243
DNB,20250717 09:35:01.732000,0,9.11,3825,9.11,1933,REGULAR,REGULAR,NYSE,10243
DNB,20250717 09:35:01.733000,0,9.11,3825,9.11,1933,REGULAR,REGULAR,NYSE,10243
DNB,20250717 09:35:01.733000,0,9.11,3825,9.11,1933,REGULAR,REGULAR,NYSE,10243
DNB,20250717 09:35:01.733000,0,9.11,3825,9.11,1933,REGULAR,REGULAR,NYSE,10243
DNB,20250717 09:35:01.733000,0,9.11,3825,9.11,1933,REGULAR,REGULAR,NYSE,10243
DNB,20250717 09:35:01.733000,0,9.11,3825,9.11,1933,REGULAR,REGULAR,NYSE,10243
DNB,20250717 09:35:01.734000,0,9.11,3825,9.11,1933,REGULAR,REGULAR,NYSE,10243
DNB,20250717 09:35:01.735000,0,9.11,2348,9.11,2057,REGULAR,REGULAR,NYSE,10243
DNB,20250717 09:35:01.735000,0,9.11,2348,9.11,2057,REGULAR,REGULAR,NYSE,10243
DNB,20250717 09:35:01.735000,0,9.11,2348,9.11,2057,REGULAR,REGULAR,NYSE,10243
DNB,20250717 09:35:02.172000,0,9.11,2290,9.11,2188,REGULAR,REGULAR,NYSE,10243
DNB,20250717 09:35:02.182000,0,9.11,2290,9.11,2158,REGULAR,REGULAR,NYSE,10243
DNB,20250717 09:35:02.182000,0,9.11,2290,9.11,2158,REGULAR,REGULAR,NYSE,10243
DNB,20250717 09:35:02.183000,0,9.11,2290,9.11,2158,REGULAR,REGULAR,NYSE,10243
DNB,20250717 09:35:02.183000,0,9.11,2290,9.11,2158,REGULAR,REGULAR,NYSE,10243
DNB,20250717 09:35:15.467000,0,9.11,2292,9.11,2058,REGULAR,REGULAR,NYSE,10243
DNB,20250717 09:35:25.781000,0,9.11,2295,9.11,2058,REGULAR,REGULAR,NYSE,10243
DNB,20250717 09:35:25.781000,0,9.11,2295,9.11,2058,REGULAR,REGULAR,NYSE,10243
DNB,20250717 09:35:25.782000,0,9.11,2295,9.11,2058,REGULAR,REGULAR,NYSE,10243
DNB,20250717 09:35:31.648000,0,9.11,2309,9.11,2058,REGULAR,REGULAR,NYSE,10243
DNB,20250717 09:35:45.392000,0,9.11,2307,9.11,2021,REGULAR,REGULAR,NYSE,10243
DNB,20250717 09:36:01.604000,0,9.11,2305,9.11,2019,REGULAR,REGULAR,NYSE,10243
DNB,20250717 09:36:03.481000,0,9.11,2305,9.11,2019,REGULAR,REGULAR,NYSE,10243
DNB,20250717 09:36:08.185000,0,9.11,2305,9.11,2019,REGULAR,REGULAR,NYSE,10243
DNB,20250717 09:36:20.535000,0,9.11,2305,9.11,2019,REGULAR,REGULAR,NYSE,10243
DNB,20250717 09:36:43.149000,0,9.11,2405,9.11,2019,REGULAR,REGULAR,NYSE,10243
DNB,20250717 09:36:43.483000,0,9.11,2405,9.11,2019,REGULAR,REGULAR,NYSE,10243
DNB,20250717 09:36:51.404000,0,9.11,2405,9.11,2019,REGULAR,REGULAR,NYSE,10243
DNB,20250717 09:36:55.952000,0,9.11,2405,9.11,2019,REGULAR,REGULAR,NYSE,10243
DNB,20250717 09:37:28.499000,0,9.11,2405,9.11,2019,REGULAR,REGULAR,NYSE,10243
DNB,20250717 09:37:35.624000,0,9.11,2405,9.11,2019,REGULAR,REGULAR,NYSE,10243
DNB,20250717 09:37:40.091000,0,9.11,2405,9.11,2019,REGULAR,REGULAR,NYSE,10243
DNB,20250717 09:37:40.094000,0,9.11,2405,9.11,2019,REGULAR,REGULAR,NYSE,10243
DNB,20250717 09:37:40.094000,0,9.11,2405,9.11,2019,REGULAR,REGULAR,NYSE,10243
DNB,20250717 09:38:16.532000,0,9.11,2405,9.11,2019,REGULAR,REGULAR,NYSE,10243
DNB,20250717 09:38:21.927000,0,9.11,2406,9.11,2019,REGULAR,REGULAR,NYSE,10243
DNB,20250717 09:38:41.347000,0,9.11,2466,9.11,2020,REGULAR,REGULAR,NYSE,10243
DNB,20250717 09:38:49.335000,0,9.11,2466,9.11,1983,REGULAR,REGULAR,NYSE,10243
DNB,20250717 09:38:49.336000,0,9.11,2466,9.11,1983,REGULAR,REGULAR,NYSE,10243
DNB,20250717 09:38:49.338000,0,9.11,825,9.11,2215,REGULAR,REGULAR,NYSE,10243
DNB,20250717 09:38:49.338000,0,9.11,825,9.11,2215,REGULAR,REGULAR,NYSE,10243
DNB,20250717 09:38:49.338000,0,9.11,825,9.11,2215,REGULAR,REGULAR,NYSE,10243
DNB,20250717 09:38:49.338000,0,9.11,825,9.11,2215,REGULAR,REGULAR,NYSE,10243
DNB,20250717 09:38:49.338000,0,9.11,825,9.11,2215,REGULAR,REGULAR,NYSE,10243
DNB,20250717 09:38:49.339000,0,9.11,825,9.11,2194,REGULAR,REGULAR,NYSE,10243
DNB,20250717 09:38:49.339000,0,9.11,825,9.11,2194,REGULAR,REGULAR,NYSE,10243
DNB,20250717 09:38:49.341000,0,9.11,825,9.11,2194,REGULAR,REGULAR,NYSE,10243
DNB,20250717 09:38:49.342000,0,9.11,825,9.11,2194,REGULAR,REGULAR,NYSE,10243
DNB,20250717 09:38:49.348000,0,9.11,288,9.11,2094,REGULAR,REGULAR,EDGE,10243
DNB,20250717 09:38:49.348000,0,9.11,288,9.11,2094,REGULAR,REGULAR,EDGE,10243
DNB,20250717 09:38:49.358000,0,9.11,295,9.11,2114,REGULAR,REGULAR,NQEX,10243
DNB,20250717 09:38:49.749000,0,9.11,295,9.11,2113,REGULAR,REGULAR,NQEX,10243
DNB,20250717 09:39:31.804000,0,9.11,238,9.11,2095,REGULAR,REGULAR,EDGE,10243
DNB,20250717 09:39:31.804000,0,9.11,238,9.11,2095,REGULAR,REGULAR,EDGE,10243
DNB,20250717 09:39:31.815000,0,9.11,238,9.11,2095,REGULAR,REGULAR,EDGE,10243
DNB,20250717 09:39:31.816000,0,9.11,238,9.11,2095,REGULAR,REGULAR,EDGE,10243
DNB,20250717 09:39:31.913000,0,9.11,238,9.11,2194,REGULAR,REGULAR,EDGE,10243
DNB,20250717 09:39:31.913000,0,9.11,238,9.11,2194,REGULAR,REGULAR,EDGE,10243
DNB,20250717 09:39:31.913000,0,9.11,238,9.11,2194,REGULAR,REGULAR,EDGE,10243
DNB,20250717 09:39:31.913000,0,9.11,238,9.11,2194,REGULAR,REGULAR,EDGE,10243
DNB,20250717 09:39:31.913000,0,9.11,238,9.11,2194,REGULAR,REGULAR,EDGE,10243
DNB,20250717 09:39:31.913000,0,9.11,238,9.11,2194,REGULAR,REGULAR,EDGE,10243
DNB,20250717 09:39:31.913000,0,9.11,238,9.11,2194,REGULAR,REGULAR,EDGE,10243
DNB,20250717 09:39:31.913000,0,9.11,238,9.11,2194,REGULAR,REGULAR,EDGE,10243
DNB,20250717 09:39:31.914000,0,9.11,71,9.11,2074,REGULAR,REGULAR,EDGE,10243
DNB,20250717 09:39:31.914000,0,9.11,71,9.11,2074,REGULAR,REGULAR,EDGE,10243
DNB,20250717 09:39:31.914000,0,9.11,71,9.11,2074,REGULAR,REGULAR,EDGE,10243
DNB,20250717 09:39:31.914000,0,9.11,71,9.11,2074,REGULAR,REGULAR,EDGE,10243
DNB,20250717 09:39:31.914000,0,9.11,71,9.11,2074,REGULAR,REGULAR,EDGE,10243
DNB,20250717 09:39:31.914000,0,9.11,71,9.11,2074,REGULAR,REGULAR,EDGE,10243
DNB,20250717 09:39:31.914000,0,9.11,71,9.11,2074,REGULAR,REGULAR,EDGE,10243
DNB,20250717 09:39:31.914000,0,9.11,71,9.11,2074,REGULAR,REGULAR,EDGE,10243
DNB,20250717 09:39:31.914000,0,9.11,71,9.11,2074,REGULAR,REGULAR,EDGE,10243
DNB,20250717 09:39:31.914000,0,9.11,71,9.11,2074,REGULAR,REGULAR,EDGE,10243
DNB,20250717 09:39:31.914000,0,9.11,71,9.11,2074,REGULAR,REGULAR,EDGE,10243
DNB,20250717 09:39:31.914000,0,9.11,71,9.11,2074,REGULAR,REGULAR,EDGE,10243
DNB,20250717 09:39:31.914000,0,9.11,71,9.11,2074,REGULAR,REGULAR,EDGE,10243
DNB,20250717 09:39:31.914000,0,9.11,71,9.11,2074,REGULAR,REGULAR,EDGE,10243
DNB,20250717 09:39:31.914000,0,9.11,71,9.11,2074,REGULAR,REGULAR,EDGE,10243
DNB,20250717 09:39:31.914000,0,9.11,71,9.11,2074,REGULAR,REGULAR,EDGE,10243
DNB,20250717 09:39:31.914000,0,9.11,71,9.11,2074,REGULAR,REGULAR,EDGE,10243
DNB,20250717 09:39:31.914000,0,9.11,71,9.11,2074,REGULAR,REGULAR,EDGE,10243
DNB,20250717 09:39:31.914000,0,9.11,71,9.11,2074,REGULAR,REGULAR,EDGE,10243
DNB,20250717 09:39:31.914000,0,9.11,71,9.11,2074,REGULAR,REGULAR,EDGE,10243
DNB,20250717 09:39:31.914000,0,9.11,71,9.11,2074,REGULAR,REGULAR,EDGE,10243
DNB,20250717 09:39:31.914000,0,9.11,71,9.11,2074,REGULAR,REGULAR,EDGE,10243
DNB,20250717 09:39:31.914000,0,9.11,71,9.11,2074,REGULAR,REGULAR,EDGE,10243
DNB,20250717 09:39:31.914000,0,9.11,71,9.11,2074,REGULAR,REGULAR,EDGE,10243
DNB,20250717 09:39:31.914000,0,9.11,71,9.11,2074,REGULAR,REGULAR,EDGE,10243
DNB,20250717 09:39:31.914000,0,9.11,71,9.11,2074,REGULAR,REGULAR,EDGE,10243
DNB,20250717 09:39:31.914000,0,9.11,71,9.11,2074,REGULAR,REGULAR,EDGE,10243
DNB,20250717 09:39:31.914000,0,9.11,71,9.11,2074,REGULAR,REGULAR,EDGE,10243
DNB,20250717 09:39:31.914000,0,9.11,71,9.11,2074,REGULAR,REGULAR,EDGE,10243
DNB,20250717 09:39:31.914000,0,9.11,71,9.11,2074,REGULAR,REGULAR,EDGE,10243
DNB,20250717 09:39:31.914000,0,9.11,71,9.11,2074,REGULAR,REGULAR,EDGE,10243
DNB,20250717 09:39:31.914000,0,9.11,71,9.11,2074,REGULAR,REGULAR,EDGE,10243
DNB,20250717 09:39:31.914000,0,9.11,71,9.11,2074,REGULAR,REGULAR,EDGE,10243
DNB,20250717 09:39:31.914000,0,9.11,71,9.11,2074,REGULAR,REGULAR,EDGE,10243
DNB,20250717 09:39:31.914000,0,9.11,71,9.11,2074,REGULAR,REGULAR,EDGE,10243
DNB,20250717 09:39:31.914000,0,9.11,71,9.11,2074,REGULAR,REGULAR,EDGE,10243
DNB,20250717 09:39:31.914000,0,9.11,71,9.11,2074,REGULAR,REGULAR,EDGE,10243
DNB,20250717 09:39:31.914000,0,9.11,71,9.11,2074,REGULAR,REGULAR,EDGE,10243
DNB,20250717 09:39:31.914000,0,9.11,71,9.11,2074,REGULAR,REGULAR,EDGE,10243
DNB,20250717 09:39:31.914000,0,9.11,71,9.11,2074,REGULAR,REGULAR,EDGE,10243
DNB,20250717 09:39:31.915000,0,9.11,71,9.11,2074,REGULAR,REGULAR,EDGE,10243
DNB,20250717 09:39:31.915000,0,9.11,71,9.11,2074,REGULAR,REGULAR,EDGE,10243
DNB,20250717 09:39:31.923000,0,9.11,68,9.11,2124,REGULAR,REGULAR,EDGE,10243
DNB,20250717 09:39:31.923000,0,9.11,68,9.11,2124,REGULAR,REGULAR,EDGE,10243
DNB,20250717 09:39:31.923000,0,9.11,68,9.11,2124,REGULAR,REGULAR,EDGE,10243
DNB,20250717 09:39:31.923000,0,9.11,68,9.11,2124,REGULAR,REGULAR,EDGE,10243
DNB,20250717 09:39:31.923000,0,9.11,68,9.11,2124,REGULAR,REGULAR,EDGE,10243
DNB,20250717 09:39:31.923000,0,9.11,68,9.11,2124,REGULAR,REGULAR,EDGE,10243
DNB,20250717 09:39:31.923000,0,9.11,68,9.11,2124,REGULAR,REGULAR,EDGE,10243
DNB,20250717 09:39:31.923000,0,9.11,68,9.11,2124,REGULAR,REGULAR,EDGE,10243
DNB,20250717 09:39:31.923000,0,9.11,68,9.11,2124,REGULAR,REGULAR,EDGE,10243
DNB,20250717 09:39:31.932000,0,9.1,208,9.11,227,REGULAR,REGULAR,NYSE,10243
DNB,20250717 09:39:31.932000,0,9.1,208,9.11,227,REGULAR,REGULAR,NYSE,10243
DNB,20250717 09:39:31.932000,0,9.1,208,9.11,227,REGULAR,REGULAR,NYSE,10243
DNB,20250717 09:39:31.933000,0,9.1,208,9.11,243,REGULAR,REGULAR,NYSE,10243
DNB,20250717 09:39:32.194000,0,9.1,208,9.11,174,REGULAR,REGULAR,NYSE,10243
DNB,20250717 09:39:32.209000,0,9.1,208,9.11,174,REGULAR,REGULAR,NYSE,10243
DNB,20250717 09:39:42.653000,0,9.1,199,9.11,279,REGULAR,REGULAR,NYSE,10243
DNB,20250717 09:39:44.213000,0,9.1,199,9.11,279,REGULAR,REGULAR,NYSE,10243
DNB,20250717 09:39:44.213000,0,9.1,199,9.11,279,REGULAR,REGULAR,NYSE,10243
DNB,20250717 09:39:47.566000,0,9.1,199,9.11,279,REGULAR,REGULAR,NYSE,10243
DNB,20250717 09:39:54.885000,0,9.1,50,9.11,298,REGULAR,REGULAR,NYSE,10241
DNB,20250717 09:39:55.477000,0,9.1,50,9.11,298,REGULAR,REGULAR,NYSE,10241
DNB,20250717 09:39:55.999000,0,9.1,50,9.11,298,REGULAR,REGULAR,NYSE,10241
DNB,20250717 09:39:56.923000,0,9.1,50,9.11,298,REGULAR,REGULAR,NYSE,10241
DNB,20250717 09:39:56.924000,0,9.1,50,9.11,298,REGULAR,REGULAR,NYSE,10241
DNB,20250717 09:39:57.390000,0,9.1,50,9.11,298,REGULAR,REGULAR,NYSE,10241
DNB,20250717 09:39:57.392000,0,9.1,50,9.11,298,REGULAR,REGULAR,NYSE,10241
DNB,20250717 09:39:57.397000,0,9.1,23,9.11,476,REGULAR,REGULAR,CHIC,10243
DNB,20250717 09:39:57.397000,0,9.1,23,9.11,476,REGULAR,REGULAR,CHIC,10243
DNB,20250717 09:39:57.397000,0,9.1,23,9.11,476,REGULAR,REGULAR,CHIC,10243
DNB,20250717 09:39:57.397000,0,9.1,23,9.11,476,REGULAR,REGULAR,CHIC,10243
DNB,20250717 09:39:57.397000,0,9.1,23,9.11,476,REGULAR,REGULAR,CHIC,10243
DNB,20250717 09:39:57.397000,0,9.1,23,9.11,476,REGULAR,REGULAR,CHIC,10243
DNB,20250717 09:39:57.397000,0,9.1,23,9.11,476,REGULAR,REGULAR,CHIC,10243
DNB,20250717 09:39:57.397000,0,9.1,23,9.11,476,REGULAR,REGULAR,CHIC,10243
DNB,20250717 09:39:57.397000,0,9.1,23,9.11,476,REGULAR,REGULAR,CHIC,10243
DNB,20250717 09:39:57.397000,0,9.1,23,9.11,476,REGULAR,REGULAR,CHIC,10243
DNB,20250717 09:39:57.397000,0,9.1,23,9.11,476,REGULAR,REGULAR,CHIC,10243
DNB,20250717 09:39:57.397000,0,9.1,23,9.11,476,REGULAR,REGULAR,CHIC,10243
DNB,20250717 09:40:00.620000,0,9.09,1018,9.1,152,REGULAR,REGULAR,EDGX,10243
DNB,20250717 09:40:00.620000,0,9.09,1018,9.1,152,REGULAR,REGULAR,EDGX,10243
DNB,20250717 09:40:00.620000,0,9.09,1018,9.1,152,REGULAR,REGULAR,EDGX,10243
DNB,20250717 09:40:00.620000,0,9.09,1018,9.1,152,REGULAR,REGULAR,EDGX,10243
DNB,20250717 09:40:00.620000,0,9.09,1018,9.1,152,REGULAR,REGULAR,EDGX,10243
DNB,20250717 09:40:00.620000,0,9.09,1018,9.1,152,REGULAR,REGULAR,EDGX,10243
DNB,20250717 09:40:00.620000,0,9.09,1018,9.1,152,REGULAR,REGULAR,EDGX,10243
DNB,20250717 09:40:00.620000,0,9.09,1018,9.1,152,REGULAR,REGULAR,EDGX,10243
DNB,20250717 09:40:00.620000,0,9.09,1018,9.1,152,REGULAR,REGULAR,EDGX,10243
DNB,20250717 09:40:01.914000,0,9.09,1009,9.1,337,REGULAR,REGULAR,EDGX,10243
DNB,20250717 09:40:05.597000,0,9.09,1009,9.1,300,REGULAR,REGULAR,EDGX,10243
DNB,20250717 09:40:05.598000,0,9.09,1009,9.1,337,REGULAR,REGULAR,EDGX,10243
DNB,20250717 09:40:15.565000,0,9.09,1009,9.1,250,REGULAR,REGULAR,EDGX,10243
DNB,20250717 09:40:22.809000,0,9.09,1009,9.1,250,REGULAR,REGULAR,EDGX,10243
DNB,20250717 09:40:22.809000,0,9.09,1009,9.1,250,REGULAR,REGULAR,EDGX,10243
DNB,20250717 09:40:22.809000,0,9.09,1009,9.1,250,REGULAR,REGULAR,EDGX,10243
DNB,20250717 09:40:22.810000,0,9.09,1019,9.1,213,REGULAR,REGULAR,EDGX,10243
DNB,20250717 09:40:22.810000,0,9.09,1019,9.1,213,REGULAR,REGULAR,EDGX,10243
DNB,20250717 09:40:22.810000,0,9.09,1019,9.1,213,REGULAR,REGULAR,EDGX,10243
DNB,20250717 09:40:24.982000,0,9.09,1019,9.1,250,REGULAR,REGULAR,EDGX,10243
DNB,20250717 09:40:25.001000,0,9.09,1019,9.1,250,REGULAR,REGULAR,EDGX,10243
DNB,20250717 09:40:27.521000,0,9.09,1019,9.1,250,REGULAR,REGULAR,EDGX,10243
DNB,20250717 09:40:31.913000,0,9.09,1009,9.1,243,REGULAR,REGULAR,EDGX,10243
DNB,20250717 09:40:32.876000,0,9.09,1009,9.1,243,REGULAR,REGULAR,EDGX,10243
DNB,20250717 09:40:34.455000,0,9.09,1009,9.1,243,REGULAR,REGULAR,EDGX,10243
DNB,20250717 09:40:41.936000,0,9.09,1009,9.1,243,REGULAR,REGULAR,EDGX,10243
DNB,20250717 09:40:41.936000,0,9.09,1009,9.1,243,REGULAR,REGULAR,EDGX,10243
DNB,20250717 09:40:41.936000,0,9.09,1009,9.1,243,REGULAR,REGULAR,EDGX,10243
DNB,20250717 09:40:41.936000,0,9.09,1009,9.1,243,REGULAR,REGULAR,EDGX,10243
DNB,20250717 09:40:41.936000,0,9.09,1009,9.1,243,REGULAR,REGULAR,EDGX,10243
DNB,20250717 09:40:41.937000,0,9.09,1009,9.1,243,REGULAR,REGULAR,EDGX,10243
DNB,20250717 09:40:53.495000,0,9.09,1009,9.1,243,REGULAR,REGULAR,EDGX,10243
DNB,20250717 09:41:02.004000,0,9.09,1019,9.1,206,REGULAR,REGULAR,EDGX,10243
DNB,20250717 09:41:02.004000,0,9.09,1019,9.1,206,REGULAR,REGULAR,EDGX,10243
DNB,20250717 09:41:02.004000,0,9.09,1019,9.1,206,REGULAR,REGULAR,EDGX,10243
DNB,20250717 09:41:02.004000,0,9.09,1019,9.1,206,REGULAR,REGULAR,EDGX,10243
DNB,20250717 09:41:02.004000,0,9.09,1019,9.1,206,REGULAR,REGULAR,EDGX,10243
DNB,20250717 09:41:02.004000,0,9.09,1019,9.1,206,REGULAR,REGULAR,EDGX,10243
DNB,20250717 09:41:12.001000,0,9.09,1019,9.1,206,REGULAR,REGULAR,EDGX,10243
DNB,20250717 09:41:21.809000,0,9.09,1009,9.1,244,REGULAR,REGULAR,EDGX,10243
DNB,20250717 09:41:21.809000,0,9.09,1009,9.1,244,REGULAR,REGULAR,EDGX,10243
DNB,20250717 09:41:21.809000,0,9.09,1009,9.1,244,REGULAR,REGULAR,EDGX,10243
DNB,20250717 09:41:21.810000,0,9.09,1009,9.1,244,REGULAR,REGULAR,EDGX,10243
DNB,20250717 09:41:21.810000,0,9.09,1009,9.1,244,REGULAR,REGULAR,EDGX,10243
DNB,20250717 09:41:21.810000,0,9.09,1009,9.1,244,REGULAR,REGULAR,EDGX,10243
DNB,20250717 09:41:37.489000,0,9.09,1019,9.1,225,REGULAR,REGULAR,EDGX,10243
DNB,20250717 09:41:37.490000,0,9.09,1019,9.1,225,REGULAR,REGULAR,EDGX,10243
DNB,20250717 09:41:37.491000,0,9.09,1019,9.1,225,REGULAR,REGULAR,EDGX,10243
DNB,20250717 09:41:46.024000,0,9.09,1019,9.1,225,REGULAR,REGULAR,EDGX,10243
DNB,20250717 09:41:53.856000,0,9.09,1019,9.1,225,REGULAR,REGULAR,EDGX,10243
DNB,20250717 09:41:53.859000,0,9.09,1019,9.1,225,REGULAR,REGULAR,EDGX,10243
DNB,20250717 09:41:53.859000,0,9.09,1019,9.1,225,REGULAR,REGULAR,EDGX,10243
DNB,20250717 09:41:53.859000,0,9.09,1019,9.1,225,REGULAR,REGULAR,EDGX,10243
DNB,20250717 09:41:53.859000,0,9.09,1019,9.1,225,REGULAR,REGULAR,EDGX,10243
DNB,20250717 09:41:53.860000,0,9.09,1019,9.1,225,REGULAR,REGULAR,EDGX,10243
DNB,20250717 09:42:00.074000,0,9.09,1015,9.1,114,REGULAR,REGULAR,EDGX,10308
DNB,20250717 09:42:09.368000,0,9.09,1015,9.1,261,REGULAR,REGULAR,EDGX,10243
DNB,20250717 09:42:09.368000,0,9.09,1015,9.1,261,REGULAR,REGULAR,EDGX,10243
DNB,20250717 09:42:09.368000,0,9.09,1015,9.1,261,REGULAR,REGULAR,EDGX,10243
DNB,20250717 09:42:09.369000,0,9.09,1015,9.1,261,REGULAR,REGULAR,EDGX,10243
DNB,20250717 09:42:09.369000,0,9.09,1015,9.1,261,REGULAR,REGULAR,EDGX,10243
DNB,20250717 09:42:09.369000,0,9.09,1015,9.1,261,REGULAR,REGULAR,EDGX,10243
DNB,20250717 09:42:16.734000,0,9.09,1005,9.1,224,REGULAR,REGULAR,EDGX,10243
DNB,20250717 09:42:18.962000,0,9.09,1015,9.1,115,REGULAR,REGULAR,EDGX,10243
DNB,20250717 09:42:18.962000,0,9.09,1015,9.1,115,REGULAR,REGULAR,EDGX,10243
DNB,20250717 09:42:18.962000,0,9.09,1015,9.1,115,REGULAR,REGULAR,EDGX,10243
DNB,20250717 09:42:18.962000,0,9.09,1015,9.1,115,REGULAR,REGULAR,EDGX,10243
DNB,20250717 09:42:18.962000,0,9.09,1015,9.1,115,REGULAR,REGULAR,EDGX,10243
DNB,20250717 09:42:18.962000,0,9.09,1015,9.1,115,REGULAR,REGULAR,EDGX,10243
DNB,20250717 09:42:18.962000,0,9.09,1015,9.1,115,REGULAR,REGULAR,EDGX,10243
DNB,20250717 09:42:18.962000,0,9.09,1015,9.1,115,REGULAR,REGULAR,EDGX,10243
DNB,20250717 09:42:18.962000,0,9.09,1015,9.1,115,REGULAR,REGULAR,EDGX,10243
DNB,20250717 09:42:18.962000,0,9.09,1015,9.1,115,REGULAR,REGULAR,EDGX,10243
DNB,20250717 09:42:18.962000,0,9.09,1015,9.1,115,REGULAR,REGULAR,EDGX,10243
DNB,20250717 09:42:18.962000,0,9.09,1015,9.1,115,REGULAR,REGULAR,EDGX,10243
DNB,20250717 09:42:18.962000,0,9.09,1015,9.1,115,REGULAR,REGULAR,EDGX,10243
DNB,20250717 09:42:18.962000,0,9.09,1015,9.1,115,REGULAR,REGULAR,EDGX,10243
DNB,20250717 09:42:18.962000,0,9.09,1015,9.1,115,REGULAR,REGULAR,EDGX,10243
DNB,20250717 09:42:18.962000,0,9.09,1015,9.1,115,REGULAR,REGULAR,EDGX,10243
DNB,20250717 09:42:18.962000,0,9.09,1015,9.1,115,REGULAR,REGULAR,EDGX,10243
DNB,20250717 09:42:18.962000,0,9.09,1015,9.1,115,REGULAR,REGULAR,EDGX,10243
DNB,20250717 09:42:18.963000,0,9.09,1014,9.1,113,REGULAR,REGULAR,EDGX,10243
DNB,20250717 09:42:18.963000,0,9.09,1014,9.1,113,REGULAR,REGULAR,EDGX,10243
DNB,20250717 09:42:18.963000,0,9.09,1014,9.1,113,REGULAR,REGULAR,EDGX,10243
DNB,20250717 09:42:18.963000,0,9.09,1014,9.1,113,REGULAR,REGULAR,EDGX,10243
DNB,20250717 09:42:18.963000,0,9.09,1014,9.1,113,REGULAR,REGULAR,EDGX,10243
DNB,20250717 09:42:18.963000,0,9.09,1014,9.1,113,REGULAR,REGULAR,EDGX,10243
DNB,20250717 09:42:18.963000,0,9.09,1014,9.1,113,REGULAR,REGULAR,EDGX,10243
DNB,20250717 09:42:18.963000,0,9.09,1014,9.1,113,REGULAR,REGULAR,EDGX,10243
DNB,20250717 09:42:18.963000,0,9.09,1014,9.1,113,REGULAR,REGULAR,EDGX,10243
DNB,20250717 09:42:18.963000,0,9.09,1014,9.1,113,REGULAR,REGULAR,EDGX,10243
DNB,20250717 09:42:18.963000,0,9.09,1014,9.1,113,REGULAR,REGULAR,EDGX,10243
DNB,20250717 09:42:18.963000,0,9.09,1014,9.1,113,REGULAR,REGULAR,EDGX,10243
DNB,20250717 09:42:18.963000,0,9.09,1014,9.1,113,REGULAR,REGULAR,EDGX,10243
DNB,20250717 09:42:18.963000,0,9.09,1014,9.1,113,REGULAR,REGULAR,EDGX,10243
DNB,20250717 09:42:18.963000,0,9.09,1014,9.1,113,REGULAR,REGULAR,EDGX,10243
DNB,20250717 09:42:18.963000,0,9.09,1014,9.1,113,REGULAR,REGULAR,EDGX,10243
DNB,20250717 09:42:18.963000,0,9.09,1014,9.1,113,REGULAR,REGULAR,EDGX,10243
DNB,20250717 09:42:18.963000,0,9.09,1014,9.1,113,REGULAR,REGULAR,EDGX,10243
DNB,20250717 09:42:18.963000,0,9.09,1014,9.1,113,REGULAR,REGULAR,EDGX,10243
DNB,20250717 09:42:18.963000,0,9.09,1014,9.1,113,REGULAR,REGULAR,EDGX,10243
DNB,20250717 09:42:18.963000,0,9.09,1014,9.1,113,REGULAR,REGULAR,EDGX,10243
DNB,20250717 09:42:18.963000,0,9.09,1014,9.1,113,REGULAR,REGULAR,EDGX,10243
DNB,20250717 09:42:18.963000,0,9.09,1014,9.1,113,REGULAR,REGULAR,EDGX,10243
DNB,20250717 09:42:18.963000,0,9.09,1014,9.1,113,REGULAR,REGULAR,EDGX,10243
DNB,20250717 09:42:18.963000,0,9.09,1014,9.1,113,REGULAR,REGULAR,EDGX,10243
DNB,20250717 09:42:18.963000,0,9.09,1014,9.1,113,REGULAR,REGULAR,EDGX,10243
DNB,20250717 09:42:18.963000,0,9.09,1014,9.1,113,REGULAR,REGULAR,EDGX,10243
DNB,20250717 09:42:18.963000,0,9.09,1014,9.1,113,REGULAR,REGULAR,EDGX,10243
DNB,20250717 09:42:18.963000,0,9.09,1014,9.1,113,REGULAR,REGULAR,EDGX,10243
DNB,20250717 09:42:18.963000,0,9.09,1014,9.1,113,REGULAR,REGULAR,EDGX,10243
DNB,20250717 09:42:18.963000,0,9.09,1014,9.1,113,REGULAR,REGULAR,EDGX,10243
DNB,20250717 09:42:18.963000,0,9.09,1014,9.1,113,REGULAR,REGULAR,EDGX,10243
DNB,20250717 09:42:18.964000,0,9.1,329,9.11,274,REGULAR,REGULAR,EDGX,10241
DNB,20250717 09:42:18.964000,0,9.1,329,9.11,274,REGULAR,REGULAR,EDGX,10241
DNB,20250717 09:42:18.964000,0,9.1,329,9.11,274,REGULAR,REGULAR,EDGX,10241
DNB,20250717 09:42:18.964000,0,9.1,329,9.11,274,REGULAR,REGULAR,EDGX,10241
DNB,20250717 09:42:18.964000,0,9.1,329,9.11,274,REGULAR,REGULAR,EDGX,10241
DNB,20250717 09:42:18.964000,0,9.1,329,9.11,274,REGULAR,REGULAR,EDGX,10241
DNB,20250717 09:42:18.964000,0,9.1,329,9.11,274,REGULAR,REGULAR,EDGX,10241
DNB,20250717 09:42:18.964000,0,9.1,329,9.11,274,REGULAR,REGULAR,EDGX,10241
DNB,20250717 09:42:18.964000,0,9.1,329,9.11,274,REGULAR,REGULAR,EDGX,10241
DNB,20250717 09:42:18.964000,0,9.1,329,9.11,274,REGULAR,REGULAR,EDGX,10241
DNB,20250717 09:42:18.964000,0,9.1,329,9.11,274,REGULAR,REGULAR,EDGX,10241
DNB,20250717 09:42:18.964000,0,9.1,329,9.11,274,REGULAR,REGULAR,EDGX,10241
DNB,20250717 09:42:18.964000,0,9.1,329,9.11,274,REGULAR,REGULAR,EDGX,10241
DNB,20250717 09:42:18.964000,0,9.1,329,9.11,274,REGULAR,REGULAR,EDGX,10241
DNB,20250717 09:42:18.964000,0,9.1,329,9.11,274,REGULAR,REGULAR,EDGX,10241
DNB,20250717 09:42:18.964000,0,9.1,329,9.11,274,REGULAR,REGULAR,EDGX,10241
DNB,20250717 09:42:18.964000,0,9.1,329,9.11,274,REGULAR,REGULAR,EDGX,10241
DNB,20250717 09:42:18.964000,0,9.1,329,9.11,274,REGULAR,REGULAR,EDGX,10241
DNB,20250717 09:42:18.964000,0,9.1,329,9.11,274,REGULAR,REGULAR,EDGX,10241
DNB,20250717 09:42:18.964000,0,9.1,329,9.11,274,REGULAR,REGULAR,EDGX,10241
DNB,20250717 09:42:18.964000,0,9.1,329,9.11,274,REGULAR,REGULAR,EDGX,10241
DNB,20250717 09:42:18.964000,0,9.1,329,9.11,274,REGULAR,REGULAR,EDGX,10241
DNB,20250717 09:42:18.964000,0,9.1,329,9.11,274,REGULAR,REGULAR,EDGX,10241
DNB,20250717 09:42:18.964000,0,9.1,329,9.11,274,REGULAR,REGULAR,EDGX,10241
DNB,20250717 09:42:18.964000,0,9.1,329,9.11,274,REGULAR,REGULAR,EDGX,10241
DNB,20250717 09:42:18.964000,0,9.1,329,9.11,274,REGULAR,REGULAR,EDGX,10241
DNB,20250717 09:42:18.964000,0,9.1,329,9.11,274,REGULAR,REGULAR,EDGX,10241
DNB,20250717 09:42:18.964000,0,9.1,329,9.11,274,REGULAR,REGULAR,EDGX,10241
DNB,20250717 09:42:18.964000,0,9.1,329,9.11,274,REGULAR,REGULAR,EDGX,10241
DNB,20250717 09:42:18.964000,0,9.1,329,9.11,274,REGULAR,REGULAR,EDGX,10241
DNB,20250717 09:42:18.964000,0,9.1,329,9.11,274,REGULAR,REGULAR,EDGX,10241
DNB,20250717 09:42:18.964000,0,9.1,329,9.11,274,REGULAR,REGULAR,EDGX,10241
DNB,20250717 09:42:18.964000,0,9.1,329,9.11,274,REGULAR,REGULAR,EDGX,10241
DNB,20250717 09:42:18.964000,0,9.1,329,9.11,274,REGULAR,REGULAR,EDGX,10241
DNB,20250717 09:42:18.964000,0,9.1,329,9.11,274,REGULAR,REGULAR,EDGX,10241
DNB,20250717 09:42:18.964000,0,9.1,329,9.11,274,REGULAR,REGULAR,EDGX,10241
DNB,20250717 09:42:18.964000,0,9.1,329,9.11,274,REGULAR,REGULAR,EDGX,10241
DNB,20250717 09:42:18.964000,0,9.1,329,9.11,274,REGULAR,REGULAR,EDGX,10241
DNB,20250717 09:42:18.964000,0,9.1,329,9.11,274,REGULAR,REGULAR,EDGX,10241
DNB,20250717 09:42:18.964000,0,9.1,329,9.11,274,REGULAR,REGULAR,EDGX,10241
DNB,20250717 09:42:18.964000,0,9.1,329,9.11,274,REGULAR,REGULAR,EDGX,10241
DNB,20250717 09:42:18.964000,0,9.1,329,9.11,274,REGULAR,REGULAR,EDGX,10241
DNB,20250717 09:42:18.964000,0,9.1,329,9.11,274,REGULAR,REGULAR,EDGX,10241
DNB,20250717 09:42:18.964000,0,9.1,329,9.11,274,REGULAR,REGULAR,EDGX,10241
DNB,20250717 09:42:18.965000,0,9.1,239,9.11,273,REGULAR,REGULAR,NYSE,10241
DNB,20250717 09:42:18.965000,0,9.1,239,9.11,273,REGULAR,REGULAR,NYSE,10241
DNB,20250717 09:42:19.001000,0,9.1,166,9.11,277,REGULAR,REGULAR,NYSE,10241
DNB,20250717 09:42:23.002000,0,9.1,151,9.11,276,REGULAR,REGULAR,NYSE,10241
DNB,20250717 09:42:23.002000,0,9.1,151,9.11,276,REGULAR,REGULAR,NYSE,10241
DNB,20250717 09:42:23.002000,0,9.1,151,9.11,276,REGULAR,REGULAR,NYSE,10241
DNB,20250717 09:42:23.002000,0,9.1,151,9.11,276,REGULAR,REGULAR,NYSE,10241
DNB,20250717 09:42:28.744000,0,9.1,151,9.11,276,REGULAR,REGULAR,NYSE,10241
DNB,20250717 09:42:31.914000,0,9.1,142,9.11,276,REGULAR,REGULAR,NYSE,10241
DNB,20250717 09:42:38.661000,0,9.1,142,9.11,276,REGULAR,REGULAR,NYSE,10241
DNB,20250717 09:42:38.661000,0,9.1,142,9.11,276,REGULAR,REGULAR,NYSE,10241
DNB,20250717 09:42:38.661000,0,9.1,142,9.11,276,REGULAR,REGULAR,NYSE,10241
DNB,20250717 09:42:38.661000,0,9.1,142,9.11,276,REGULAR,REGULAR,NYSE,10241
DNB,20250717 09:42:38.662000,0,9.1,142,9.11,276,REGULAR,REGULAR,NYSE,10241
DNB,20250717 09:42:43.595000,0,9.1,142,9.11,276,REGULAR,REGULAR,NYSE,10241
DNB,20250717 09:42:57.675000,0,9.1,142,9.11,276,REGULAR,REGULAR,NYSE,10241
DNB,20250717 09:42:57.675000,0,9.1,142,9.11,276,REGULAR,REGULAR,NYSE,10241
DNB,20250717 09:42:57.675000,0,9.1,142,9.11,276,REGULAR,REGULAR,NYSE,10241
DNB,20250717 09:42:57.675000,0,9.1,142,9.11,276,REGULAR,REGULAR,NYSE,10241
DNB,20250717 09:42:57.676000,0,9.1,142,9.11,276,REGULAR,REGULAR,NYSE,10241
DNB,20250717 09:42:57.676000,0,9.1,142,9.11,276,REGULAR,REGULAR,NYSE,10241
DNB,20250717 09:43:12.276000,0,9.1,152,9.11,275,REGULAR,REGULAR,NYSE,10241
DNB,20250717 09:43:13.155000,0,9.1,152,9.11,275,REGULAR,REGULAR,NYSE,10241
DNB,20250717 09:43:17.155000,0,9.1,142,9.11,275,REGULAR,REGULAR,NYSE,10241
DNB,20250717 09:43:17.155000,0,9.1,142,9.11,275,REGULAR,REGULAR,NYSE,10241
DNB,20250717 09:43:17.155000,0,9.1,142,9.11,275,REGULAR,REGULAR,NYSE,10241
DNB,20250717 09:43:17.155000,0,9.1,142,9.11,275,REGULAR,REGULAR,NYSE,10241
DNB,20250717 09:43:17.156000,0,9.1,142,9.11,275,REGULAR,REGULAR,NYSE,10241
DNB,20250717 09:43:18.157000,0,9.1,142,9.11,275,REGULAR,REGULAR,NYSE,10241
DNB,20250717 09:43:35.727000,0,9.1,148,9.11,281,REGULAR,REGULAR,NYSE,10241
DNB,20250717 09:43:35.727000,0,9.1,148,9.11,281,REGULAR,REGULAR,NYSE,10241
DNB,20250717 09:43:35.727000,0,9.1,148,9.11,281,REGULAR,REGULAR,NYSE,10241
DNB,20250717 09:43:35.727000,0,9.1,148,9.11,281,REGULAR,REGULAR,NYSE,10241
DNB,20250717 09:43:35.727000,0,9.1,148,9.11,281,REGULAR,REGULAR,NYSE,10241
DNB,20250717 09:43:35.728000,0,9.1,148,9.11,281,REGULAR,REGULAR,NYSE,10241
DNB,20250717 09:43:36.568000,0,9.1,148,9.11,281,REGULAR,REGULAR,NYSE,10241
DNB,20250717 09:43:45.364000,0,9.1,110,9.11,282,REGULAR,REGULAR,NYSE,10241
DNB,20250717 09:43:45.365000,0,9.1,110,9.11,282,REGULAR,REGULAR,NYSE,10241
DNB,20250717 09:43:45.365000,0,9.1,110,9.11,282,REGULAR,REGULAR,NYSE,10241
DNB,20250717 09:43:45.549000,0,9.1,110,9.11,282,REGULAR,REGULAR,NYSE,10241
DNB,20250717 09:43:45.549000,0,9.1,110,9.11,282,REGULAR,REGULAR,NYSE,10241
DNB,20250717 09:43:45.549000,0,9.1,110,9.11,282,REGULAR,REGULAR,NYSE,10241
DNB,20250717 09:43:45.550000,0,9.1,110,9.11,283,REGULAR,REGULAR,NYSE,10241
DNB,20250717 09:43:45.550000,0,9.1,110,9.11,283,REGULAR,REGULAR,NYSE,10241
DNB,20250717 09:43:45.550000,0,9.1,110,9.11,283,REGULAR,REGULAR,NYSE,10241
DNB,20250717 09:43:45.550000,0,9.1,110,9.11,283,REGULAR,REGULAR,NYSE,10241
DNB,20250717 09:43:45.550000,0,9.1,110,9.11,283,REGULAR,REGULAR,NYSE,10241
DNB,20250717 09:43:45.550000,0,9.1,110,9.11,283,REGULAR,REGULAR,NYSE,10241
DNB,20250717 09:43:45.550000,0,9.1,110,9.11,283,REGULAR,REGULAR,NYSE,10241
DNB,20250717 09:43:45.550000,0,9.1,110,9.11,283,REGULAR,REGULAR,NYSE,10241
DNB,20250717 09:43:45.551000,0,9.1,110,9.11,282,REGULAR,REGULAR,NYSE,10241
DNB,20250717 09:43:45.551000,0,9.1,110,9.11,282,REGULAR,REGULAR,NYSE,10241
DNB,20250717 09:43:49.783000,0,9.1,110,9.11,282,REGULAR,REGULAR,NYSE,10241
DNB,20250717 09:44:08.662000,0,9.1,110,9.11,286,REGULAR,REGULAR,NYSE,10241
DNB,20250717 09:44:12.812000,0,9.1,110,9.11,286,REGULAR,REGULAR,NYSE,10241
DNB,20250717 09:44:12.812000,0,9.1,110,9.11,286,REGULAR,REGULAR,NYSE,10241
DNB,20250717 09:44:12.812000,0,9.1,110,9.11,286,REGULAR,REGULAR,NYSE,10241
DNB,20250717 09:44:12.813000,0,9.1,110,9.11,286,REGULAR,REGULAR,NYSE,10241
DNB,20250717 09:44:31.910000,0,9.1,110,9.11,286,REGULAR,REGULAR,NYSE,10241
DNB,20250717 09:44:31.910000,0,9.1,110,9.11,286,REGULAR,REGULAR,NYSE,10241
DNB,20250717 09:44:31.910000,0,9.1,110,9.11,286,REGULAR,REGULAR,NYSE,10241
DNB,20250717 09:44:31.910000,0,9.1,110,9.11,286,REGULAR,REGULAR,NYSE,10241
DNB,20250717 09:44:31.911000,0,9.1,110,9.11,286,REGULAR,REGULAR,NYSE,10241
DNB,20250717 09:44:31.911000,0,9.1,110,9.11,286,REGULAR,REGULAR,NYSE,10241
DNB,20250717 09:44:50.914000,0,9.1,106,9.11,286,REGULAR,REGULAR,NQEX,10241
DNB,20250717 09:44:50.914000,0,9.1,106,9.11,286,REGULAR,REGULAR,NQEX,10241
DNB,20250717 09:44:50.914000,0,9.1,106,9.11,286,REGULAR,REGULAR,NQEX,10241
DNB,20250717 09:44:50.914000,0,9.1,106,9.11,286,REGULAR,REGULAR,NQEX,10241
DNB,20250717 09:44:50.915000,0,9.1,106,9.11,286,REGULAR,REGULAR,NQEX,10241
DNB,20250717 09:44:50.915000,0,9.1,106,9.11,286,REGULAR,REGULAR,NQEX,10241
DNB,20250717 09:44:55.723000,0,9.1,106,9.11,286,REGULAR,REGULAR,NQEX,10241
DNB,20250717 09:45:01.609000,0,9.1,106,9.11,286,REGULAR,REGULAR,NQEX,10241
DNB,20250717 09:45:01.713000,0,9.1,106,9.11,286,REGULAR,REGULAR,NQEX,10241
DNB,20250717 09:45:03.490000,0,9.1,107,9.11,286,REGULAR,REGULAR,NQEX,10241
DNB,20250717 09:45:10.290000,0,9.1,107,9.11,287,REGULAR,REGULAR,NQEX,10241
DNB,20250717 09:45:10.290000,0,9.1,107,9.11,287,REGULAR,REGULAR,NQEX,10241
DNB,20250717 09:45:10.290000,0,9.1,107,9.11,287,REGULAR,REGULAR,NQEX,10241
DNB,20250717 09:45:10.290000,0,9.1,107,9.11,287,REGULAR,REGULAR,NQEX,10241
DNB,20250717 09:45:10.291000,0,9.1,107,9.11,287,REGULAR,REGULAR,NQEX,10241
DNB,20250717 09:45:10.291000,0,9.1,107,9.11,287,REGULAR,REGULAR,NQEX,10241
DNB,20250717 09:45:10.293000,0,9.1,107,9.11,287,REGULAR,REGULAR,NQEX,10241
DNB,20250717 09:45:18.296000,0,9.1,107,9.11,286,REGULAR,REGULAR,NQEX,10241
DNB,20250717 09:45:28.319000,0,9.1,107,9.11,271,REGULAR,REGULAR,NQEX,10241
DNB,20250717 09:45:28.319000,0,9.1,107,9.11,271,REGULAR,REGULAR,NQEX,10241
DNB,20250717 09:45:28.319000,0,9.1,107,9.11,271,REGULAR,REGULAR,NQEX,10241
DNB,20250717 09:45:28.319000,0,9.1,107,9.11,271,REGULAR,REGULAR,NQEX,10241
DNB,20250717 09:45:28.319000,0,9.1,107,9.11,271,REGULAR,REGULAR,NQEX,10241
DNB,20250717 09:45:39.603000,0,9.1,107,9.11,271,REGULAR,REGULAR,NQEX,10241
DNB,20250717 09:45:48.380000,0,9.1,107,9.11,271,REGULAR,REGULAR,NQEX,10241
DNB,20250717 09:45:48.380000,0,9.1,107,9.11,271,REGULAR,REGULAR,NQEX,10241
DNB,20250717 09:45:48.380000,0,9.1,107,9.11,271,REGULAR,REGULAR,NQEX,10241
DNB,20250717 09:45:48.380000,0,9.1,107,9.11,271,REGULAR,REGULAR,NQEX,10241
DNB,20250717 09:45:48.380000,0,9.1,107,9.11,271,REGULAR,REGULAR,NQEX,10241
DNB,20250717 09:45:48.380000,0,9.1,107,9.11,271,REGULAR,REGULAR,NQEX,10241
DNB,20250717 09:45:50.084000,0,9.1,107,9.11,271,REGULAR,REGULAR,NQEX,10241
DNB,20250717 09:45:53.382000,0,9.1,107,9.11,272,REGULAR,REGULAR,NQEX,10241
DNB,20250717 09:46:08.723000,0,9.1,107,9.11,271,REGULAR,REGULAR,NQEX,10241
DNB,20250717 09:46:08.723000,0,9.1,107,9.11,271,REGULAR,REGULAR,NQEX,10241
DNB,20250717 09:46:08.723000,0,9.1,107,9.11,271,REGULAR,REGULAR,NQEX,10241
DNB,20250717 09:46:08.723000,0,9.1,107,9.11,271,REGULAR,REGULAR,NQEX,10241
DNB,20250717 09:46:08.724000,0,9.1,107,9.11,271,REGULAR,REGULAR,NQEX,10241
DNB,20250717 09:46:08.724000,0,9.1,107,9.11,271,REGULAR,REGULAR,NQEX,10241
DNB,20250717 09:46:22.163000,0,9.1,144,9.11,272,REGULAR,REGULAR,NYSE,10241
DNB,20250717 09:46:27.724000,0,9.1,144,9.11,272,REGULAR,REGULAR,NYSE,10241
DNB,20250717 09:46:27.724000,0,9.1,144,9.11,272,REGULAR,REGULAR,NYSE,10241
DNB,20250717 09:46:27.724000,0,9.1,144,9.11,272,REGULAR,REGULAR,NYSE,10241
DNB,20250717 09:46:27.724000,0,9.1,144,9.11,272,REGULAR,REGULAR,NYSE,10241
DNB,20250717 09:46:27.725000,0,9.1,144,9.11,272,REGULAR,REGULAR,NYSE,10241
DNB,20250717 09:46:27.725000,0,9.1,144,9.11,272,REGULAR,REGULAR,NYSE,10241
DNB,20250717 09:46:37.432000,0,9.1,144,9.11,272,REGULAR,REGULAR,NYSE,10241
DNB,20250717 09:46:45.662000,0,9.1,144,9.11,272,REGULAR,REGULAR,NYSE,10241
DNB,20250717 09:46:45.663000,0,9.1,144,9.11,272,REGULAR,REGULAR,NYSE,10241
DNB,20250717 09:46:45.663000,0,9.1,144,9.11,272,REGULAR,REGULAR,NYSE,10241
DNB,20250717 09:46:45.663000,0,9.1,144,9.11,272,REGULAR,REGULAR,NYSE,10241
DNB,20250717 09:46:45.663000,0,9.1,144,9.11,272,REGULAR,REGULAR,NYSE,10241
DNB,20250717 09:46:45.664000,0,9.1,144,9.11,272,REGULAR,REGULAR,NYSE,10241
DNB,20250717 09:46:59.362000,0,9.1,144,9.11,271,REGULAR,REGULAR,NYSE,10241
DNB,20250717 09:47:06.046000,0,9.1,144,9.11,271,REGULAR,REGULAR,NYSE,10241
DNB,20250717 09:47:06.046000,0,9.1,144,9.11,271,REGULAR,REGULAR,NYSE,10241
DNB,20250717 09:47:06.046000,0,9.1,144,9.11,271,REGULAR,REGULAR,NYSE,10241
DNB,20250717 09:47:06.046000,0,9.1,144,9.11,271,REGULAR,REGULAR,NYSE,10241
DNB,20250717 09:47:06.047000,0,9.1,144,9.11,271,REGULAR,REGULAR,NYSE,10241
DNB,20250717 09:47:06.047000,0,9.1,144,9.11,271,REGULAR,REGULAR,NYSE,10241
DNB,20250717 09:47:11.869000,0,9.1,144,9.11,271,REGULAR,REGULAR,NYSE,10241
DNB,20250717 09:47:24.878000,0,9.1,146,9.11,271,REGULAR,REGULAR,NYSE,10241
DNB,20250717 09:47:24.878000,0,9.1,146,9.11,271,REGULAR,REGULAR,NYSE,10241
DNB,20250717 09:47:24.878000,0,9.1,146,9.11,271,REGULAR,REGULAR,NYSE,10241
DNB,20250717 09:47:24.878000,0,9.1,146,9.11,271,REGULAR,REGULAR,NYSE,10241
DNB,20250717 09:47:24.878000,0,9.1,146,9.11,271,REGULAR,REGULAR,NYSE,10241
DNB,20250717 09:47:24.879000,0,9.1,146,9.11,271,REGULAR,REGULAR,NYSE,10241
DNB,20250717 09:47:43.854000,0,9.1,146,9.11,268,REGULAR,REGULAR,NYSE,10241
DNB,20250717 09:47:43.854000,0,9.1,146,9.11,268,REGULAR,REGULAR,NYSE,10241
DNB,20250717 09:47:43.854000,0,9.1,146,9.11,268,REGULAR,REGULAR,NYSE,10241
DNB,20250717 09:47:43.854000,0,9.1,146,9.11,268,REGULAR,REGULAR,NYSE,10241
DNB,20250717 09:47:43.855000,0,9.1,146,9.11,268,REGULAR,REGULAR,NYSE,10241
DNB,20250717 09:47:43.855000,0,9.1,146,9.11,268,REGULAR,REGULAR,NYSE,10241
DNB,20250717 09:47:47.021000,0,9.1,146,9.11,268,REGULAR,REGULAR,NYSE,10241
DNB,20250717 09:47:48.306000,0,9.1,146,9.11,268,REGULAR,REGULAR,NYSE,10241
DNB,20250717 09:47:49.216000,0,9.1,146,9.11,268,REGULAR,REGULAR,NYSE,10241
DNB,20250717 09:47:51.623000,0,9.1,146,9.11,268,REGULAR,REGULAR,NYSE,10241
DNB,20250717 09:48:01.647000,0,9.1,147,9.11,268,REGULAR,REGULAR,NYSE,10241
DNB,20250717 09:48:01.647000,0,9.1,147,9.11,268,REGULAR,REGULAR,NYSE,10241
DNB,20250717 09:48:01.647000,0,9.1,147,9.11,268,REGULAR,REGULAR,NYSE,10241
DNB,20250717 09:48:01.647000,0,9.1,147,9.11,268,REGULAR,REGULAR,NYSE,10241
DNB,20250717 09:48:01.648000,0,9.1,147,9.11,268,REGULAR,REGULAR,NYSE,10241
DNB,20250717 09:48:10.945000,0,9.1,147,9.11,268,REGULAR,REGULAR,NYSE,10241
DNB,20250717 09:48:18.295000,0,9.1,147,9.11,268,REGULAR,REGULAR,NYSE,10241
DNB,20250717 09:48:18.295000,0,9.1,147,9.11,268,REGULAR,REGULAR,NYSE,10241
DNB,20250717 09:48:18.295000,0,9.1,147,9.11,268,REGULAR,REGULAR,NYSE,10241
DNB,20250717 09:48:18.296000,0,9.1,147,9.11,268,REGULAR,REGULAR,NYSE,10241
DNB,20250717 09:48:18.296000,0,9.1,147,9.11,268,REGULAR,REGULAR,NYSE,10241
DNB,20250717 09:48:31.975000,0,9.1,147,9.11,268,REGULAR,REGULAR,NYSE,10241
DNB,20250717 09:48:34.825000,0,9.1,147,9.11,268,REGULAR,REGULAR,NYSE,10241
DNB,20250717 09:48:34.829000,0,9.1,147,9.11,268,REGULAR,REGULAR,NYSE,10241
DNB,20250717 09:48:34.830000,0,9.1,147,9.11,268,REGULAR,REGULAR,NYSE,10241
DNB,20250717 09:48:35.662000,0,9.1,147,9.11,268,REGULAR,REGULAR,NYSE,10241
DNB,20250717 09:48:38.313000,0,9.1,147,9.11,268,REGULAR,REGULAR,NYSE,10241
DNB,20250717 09:48:38.313000,0,9.1,147,9.11,268,REGULAR,REGULAR,NYSE,10241
DNB,20250717 09:48:38.313000,0,9.1,147,9.11,268,REGULAR,REGULAR,NYSE,10241
DNB,20250717 09:48:38.314000,0,9.1,147,9.11,268,REGULAR,REGULAR,NYSE,10241
DNB,20250717 09:48:38.314000,0,9.1,147,9.11,268,REGULAR,REGULAR,NYSE,10241
DNB,20250717 09:48:38.314000,0,9.1,147,9.11,268,REGULAR,REGULAR,NYSE,10241
DNB,20250717 09:49:00.499000,0,9.1,147,9.11,268,REGULAR,REGULAR,NYSE,10241
DNB,20250717 09:49:00.499000,0,9.1,147,9.11,268,REGULAR,REGULAR,NYSE,10241
DNB,20250717 09:49:00.499000,0,9.1,147,9.11,268,REGULAR,REGULAR,NYSE,10241
DNB,20250717 09:49:00.499000,0,9.1,147,9.11,268,REGULAR,REGULAR,NYSE,10241
DNB,20250717 09:49:00.500000,0,9.1,147,9.11,268,REGULAR,REGULAR,NYSE,10241
DNB,20250717 09:49:00.500000,0,9.1,147,9.11,268,REGULAR,REGULAR,NYSE,10241
DNB,20250717 09:49:00.983000,0,9.1,147,9.11,268,REGULAR,REGULAR,NYSE,10241
DNB,20250717 09:49:10.964000,0,9.1,147,9.11,268,REGULAR,REGULAR,NYSE,10241
DNB,20250717 09:49:15.065000,0,9.1,147,9.11,268,REGULAR,REGULAR,NYSE,10241
DNB,20250717 09:49:16.205000,0,9.1,147,9.11,268,REGULAR,REGULAR,NYSE,10241
DNB,20250717 09:49:16.205000,0,9.1,147,9.11,268,REGULAR,REGULAR,NYSE,10241
DNB,20250717 09:49:16.206000,0,9.1,147,9.11,268,REGULAR,REGULAR,NYSE,10241
DNB,20250717 09:49:16.206000,0,9.1,147,9.11,268,REGULAR,REGULAR,NYSE,10241
DNB,20250717 09:49:16.206000,0,9.1,147,9.11,268,REGULAR,REGULAR,NYSE,10241
DNB,20250717 09:49:17.207000,0,9.1,147,9.11,268,REGULAR,REGULAR,NYSE,10241
DNB,20250717 09:49:38.282000,0,9.1,147,9.11,269,REGULAR,REGULAR,NYSE,10241
DNB,20250717 09:49:38.282000,0,9.1,147,9.11,269,REGULAR,REGULAR,NYSE,10241
DNB,20250717 09:49:38.282000,0,9.1,147,9.11,269,REGULAR,REGULAR,NYSE,10241
DNB,20250717 09:49:38.282000,0,9.1,147,9.11,269,REGULAR,REGULAR,NYSE,10241
DNB,20250717 09:49:38.282000,0,9.1,147,9.11,269,REGULAR,REGULAR,NYSE,10241
DNB,20250717 09:49:38.283000,0,9.1,147,9.11,269,REGULAR,REGULAR,NYSE,10241
DNB,20250717 09:49:40.519000,0,9.1,147,9.11,269,REGULAR,REGULAR,NYSE,10241
DNB,20250717 09:49:41.573000,0,9.1,147,9.11,269,REGULAR,REGULAR,NYSE,10241
DNB,20250717 09:49:57.397000,0,9.1,147,9.11,269,REGULAR,REGULAR,NYSE,10241
DNB,20250717 09:49:57.397000,0,9.1,147,9.11,269,REGULAR,REGULAR,NYSE,10241
DNB,20250717 09:49:57.397000,0,9.1,147,9.11,269,REGULAR,REGULAR,NYSE,10241
DNB,20250717 09:49:57.397000,0,9.1,147,9.11,269,REGULAR,REGULAR,NYSE,10241
DNB,20250717 09:49:57.397000,0,9.1,147,9.11,269,REGULAR,REGULAR,NYSE,10241
DNB,20250717 09:49:57.398000,0,9.1,147,9.11,269,REGULAR,REGULAR,NYSE,10241
DNB,20250717 09:49:58.018000,0,9.1,147,9.11,269,REGULAR,REGULAR,NYSE,10241
DNB,20250717 09:50:01.019000,0,9.1,147,9.11,269,REGULAR,REGULAR,NYSE,10241
DNB,20250717 09:50:16.836000,0,9.1,147,9.11,269,REGULAR,REGULAR,NYSE,10241
DNB,20250717 09:50:16.836000,0,9.1,147,9.11,269,REGULAR,REGULAR,NYSE,10241
DNB,20250717 09:50:16.836000,0,9.1,147,9.11,269,REGULAR,REGULAR,NYSE,10241
DNB,20250717 09:50:16.836000,0,9.1,147,9.11,269,REGULAR,REGULAR,NYSE,10241
DNB,20250717 09:50:16.837000,0,9.1,147,9.11,269,REGULAR,REGULAR,NYSE,10241
DNB,20250717 09:50:32.704000,0,9.1,147,9.11,269,REGULAR,REGULAR,NYSE,10241
DNB,20250717 09:50:32.705000,0,9.1,147,9.11,269,REGULAR,REGULAR,NYSE,10241
DNB,20250717 09:50:33.706000,0,9.1,147,9.11,269,REGULAR,REGULAR,NYSE,10241
DNB,20250717 09:50:33.706000,0,9.1,147,9.11,269,REGULAR,REGULAR,NYSE,10241
DNB,20250717 09:50:33.706000,0,9.1,147,9.11,269,REGULAR,REGULAR,NYSE,10241
DNB,20250717 09:50:33.707000,0,9.1,147,9.11,269,REGULAR,REGULAR,NYSE,10241
DNB,20250717 09:50:33.707000,0,9.1,147,9.11,269,REGULAR,REGULAR,NYSE,10241
DNB,20250717 09:50:35.822000,0,9.1,147,9.11,269,REGULAR,REGULAR,NYSE,10241
DNB,20250717 09:50:41.894000,0,9.1,147,9.11,269,REGULAR,REGULAR,NYSE,10241
DNB,20250717 09:50:47.624000,0,9.1,147,9.11,269,REGULAR,REGULAR,NYSE,10241
DNB,20250717 09:50:51.917000,0,9.1,147,9.11,269,REGULAR,REGULAR,NYSE,10241
DNB,20250717 09:50:51.917000,0,9.1,147,9.11,269,REGULAR,REGULAR,NYSE,10241
DNB,20250717 09:50:51.917000,0,9.1,147,9.11,269,REGULAR,REGULAR,NYSE,10241
DNB,20250717 09:50:51.918000,0,9.1,147,9.11,269,REGULAR,REGULAR,NYSE,10241
DNB,20250717 09:50:51.918000,0,9.1,147,9.11,269,REGULAR,REGULAR,NYSE,10241
DNB,20250717 09:51:11.964000,0,9.1,164,9.11,269,REGULAR,REGULAR,NYSE,10241
DNB,20250717 09:51:11.965000,0,9.1,164,9.11,269,REGULAR,REGULAR,NYSE,10241
DNB,20250717 09:51:11.965000,0,9.1,164,9.11,269,REGULAR,REGULAR,NYSE,10241
DNB,20250717 09:51:11.965000,0,9.1,164,9.11,269,REGULAR,REGULAR,NYSE,10241
DNB,20250717 09:51:11.965000,0,9.1,164,9.11,269,REGULAR,REGULAR,NYSE,10241
DNB,20250717 09:51:11.965000,0,9.1,164,9.11,269,REGULAR,REGULAR,NYSE,10241
DNB,20250717 09:51:11.966000,0,9.1,164,9.11,269,REGULAR,REGULAR,NYSE,10241
DNB,20250717 09:51:12.850000,0,9.1,164,9.11,269,REGULAR,REGULAR,NYSE,10241
DNB,20250717 09:51:17.050000,0,9.1,164,9.11,269,REGULAR,REGULAR,NYSE,10241
DNB,20250717 09:51:27.898000,0,9.1,164,9.11,269,REGULAR,REGULAR,NYSE,10241
DNB,20250717 09:51:27.899000,0,9.1,164,9.11,269,REGULAR,REGULAR,NYSE,10241
DNB,20250717 09:51:27.899000,0,9.1,164,9.11,269,REGULAR,REGULAR,NYSE,10241
DNB,20250717 09:51:27.899000,0,9.1,164,9.11,269,REGULAR,REGULAR,NYSE,10241
DNB,20250717 09:51:31.714000,0,9.1,164,9.11,269,REGULAR,REGULAR,NYSE,10241
DNB,20250717 09:51:41.238000,0,9.1,164,9.11,269,REGULAR,REGULAR,NYSE,10241
DNB,20250717 09:51:47.968000,0,9.1,164,9.11,269,REGULAR,REGULAR,NYSE,10241
DNB,20250717 09:51:47.968000,0,9.1,164,9.11,269,REGULAR,REGULAR,NYSE,10241
DNB,20250717 09:51:47.968000,0,9.1,164,9.11,269,REGULAR,REGULAR,NYSE,10241
DNB,20250717 09:51:47.968000,0,9.1,164,9.11,269,REGULAR,REGULAR,NYSE,10241
DNB,20250717 09:51:47.968000,0,9.1,164,9.11,269,REGULAR,REGULAR,NYSE,10241
DNB,20250717 09:51:47.968000,0,9.1,164,9.11,269,REGULAR,REGULAR,NYSE,10241
DNB,20250717 09:51:48.071000,0,9.1,164,9.11,269,REGULAR,REGULAR,NYSE,10241
DNB,20250717 09:52:05.733000,0,9.1,164,9.11,269,REGULAR,REGULAR,NYSE,10241
DNB,20250717 09:52:05.733000,0,9.1,164,9.11,269,REGULAR,REGULAR,NYSE,10241
DNB,20250717 09:52:05.733000,0,9.1,164,9.11,269,REGULAR,REGULAR,NYSE,10241
DNB,20250717 09:52:05.733000,0,9.1,164,9.11,269,REGULAR,REGULAR,NYSE,10241
DNB,20250717 09:52:05.733000,0,9.1,164,9.11,269,REGULAR,REGULAR,NYSE,10241
DNB,20250717 09:52:08.734000,0,9.1,164,9.11,269,REGULAR,REGULAR,NYSE,10241
DNB,20250717 09:52:27.810000,0,9.1,164,9.11,269,REGULAR,REGULAR,NYSE,10241
DNB,20250717 09:52:27.810000,0,9.1,164,9.11,269,REGULAR,REGULAR,NYSE,10241
DNB,20250717 09:52:27.810000,0,9.1,164,9.11,269,REGULAR,REGULAR,NYSE,10241
DNB,20250717 09:52:27.810000,0,9.1,164,9.11,269,REGULAR,REGULAR,NYSE,10241
DNB,20250717 09:52:27.811000,0,9.1,164,9.11,269,REGULAR,REGULAR,NYSE,10241
DNB,20250717 09:52:27.811000,0,9.1,164,9.11,269,REGULAR,REGULAR,NYSE,10241
DNB,20250717 09:52:30.172000,0,9.1,164,9.11,269,REGULAR,REGULAR,NYSE,10241
DNB,20250717 09:52:30.529000,0,9.1,164,9.11,269,REGULAR,REGULAR,NYSE,10241
DNB,20250717 09:52:32.531000,0,9.1,164,9.11,269,REGULAR,REGULAR,NYSE,10241
DNB,20250717 09:52:35.532000,0,9.1,164,9.11,269,REGULAR,REGULAR,NYSE,10241
DNB,20250717 09:52:37.966000,0,9.1,164,9.11,269,REGULAR,REGULAR,NYSE,10241
DNB,20250717 09:52:49.284000,0,9.1,164,9.11,269,REGULAR,REGULAR,NYSE,10241
DNB,20250717 09:52:49.664000,0,9.1,164,9.11,269,REGULAR,REGULAR,NYSE,10241
DNB,20250717 09:52:49.664000,0,9.1,164,9.11,269,REGULAR,REGULAR,NYSE,10241
DNB,20250717 09:52:55.568000,0,9.1,164,9.11,269,REGULAR,REGULAR,NYSE,10241
DNB,20250717 09:52:55.568000,0,9.1,164,9.11,269,REGULAR,REGULAR,NYSE,10241
DNB,20250717 09:52:55.568000,0,9.1,164,9.11,269,REGULAR,REGULAR,NYSE,10241
DNB,20250717 09:52:55.568000,0,9.1,164,9.11,269,REGULAR,REGULAR,NYSE,10241
DNB,20250717 09:52:55.568000,0,9.1,164,9.11,269,REGULAR,REGULAR,NYSE,10241
DNB,20250717 09:52:55.568000,0,9.1,164,9.11,269,REGULAR,REGULAR,NYSE,10241
DNB,20250717 09:53:15.890000,0,9.1,163,9.11,269,REGULAR,REGULAR,NYSE,10241
DNB,20250717 09:53:15.890000,0,9.1,163,9.11,269,REGULAR,REGULAR,NYSE,10241
DNB,20250717 09:53:15.890000,0,9.1,163,9.11,269,REGULAR,REGULAR,NYSE,10241
DNB,20250717 09:53:15.890000,0,9.1,163,9.11,269,REGULAR,REGULAR,NYSE,10241
DNB,20250717 09:53:15.890000,0,9.1,163,9.11,269,REGULAR,REGULAR,NYSE,10241
DNB,20250717 09:53:15.891000,0,9.1,163,9.11,269,REGULAR,REGULAR,NYSE,10241
DNB,20250717 09:53:16.351000,0,9.1,163,9.11,269,REGULAR,REGULAR,NYSE,10241
DNB,20250717 09:53:24.769000,0,9.1,163,9.11,269,REGULAR,REGULAR,NYSE,10241
DNB,20250717 09:53:34.791000,0,9.1,163,9.11,269,REGULAR,REGULAR,NYSE,10241
DNB,20250717 09:53:34.791000,0,9.1,163,9.11,269,REGULAR,REGULAR,NYSE,10241
DNB,20250717 09:53:34.791000,0,9.1,163,9.11,269,REGULAR,REGULAR,NYSE,10241
DNB,20250717 09:53:34.791000,0,9.1,163,9.11,269,REGULAR,REGULAR,NYSE,10241
DNB,20250717 09:53:34.792000,0,9.1,163,9.11,269,REGULAR,REGULAR,NYSE,10241
DNB,20250717 09:53:43.707000,0,9.1,164,9.11,269,REGULAR,REGULAR,NYSE,10241
DNB,20250717 09:53:53.729000,0,9.1,164,9.11,269,REGULAR,REGULAR,NYSE,10241
DNB,20250717 09:53:53.730000,0,9.1,164,9.11,269,REGULAR,REGULAR,NYSE,10241
DNB,20250717 09:53:53.730000,0,9.1,164,9.11,269,REGULAR,REGULAR,NYSE,10241
DNB,20250717 09:53:53.730000,0,9.1,164,9.11,269,REGULAR,REGULAR,NYSE,10241
DNB,20250717 09:53:53.730000,0,9.1,164,9.11,269,REGULAR,REGULAR,NYSE,10241
DNB,20250717 09:53:56.360000,0,9.1,164,9.11,269,REGULAR,REGULAR,NYSE,10241
DNB,20250717 09:54:13.556000,0,9.1,164,9.11,269,REGULAR,REGULAR,NYSE,10241
DNB,20250717 09:54:13.556000,0,9.1,164,9.11,269,REGULAR,REGULAR,NYSE,10241
DNB,20250717 09:54:13.556000,0,9.1,164,9.11,269,REGULAR,REGULAR,NYSE,10241
DNB,20250717 09:54:13.556000,0,9.1,164,9.11,269,REGULAR,REGULAR,NYSE,10241
DNB,20250717 09:54:13.557000,0,9.1,164,9.11,269,REGULAR,REGULAR,NYSE,10241
DNB,20250717 09:54:13.557000,0,9.1,164,9.11,269,REGULAR,REGULAR,NYSE,10241
DNB,20250717 09:54:18.667000,0,9.1,164,9.11,269,REGULAR,REGULAR,NYSE,10241
DNB,20250717 09:54:33.079000,0,9.1,164,9.11,269,REGULAR,REGULAR,NYSE,10241
DNB,20250717 09:54:33.079000,0,9.1,164,9.11,269,REGULAR,REGULAR,NYSE,10241
DNB,20250717 09:54:33.079000,0,9.1,164,9.11,269,REGULAR,REGULAR,NYSE,10241
DNB,20250717 09:54:33.079000,0,9.1,164,9.11,269,REGULAR,REGULAR,NYSE,10241
DNB,20250717 09:54:33.080000,0,9.1,164,9.11,269,REGULAR,REGULAR,NYSE,10241
DNB,20250717 09:54:34.833000,0,9.1,164,9.11,269,REGULAR,REGULAR,NYSE,10241
DNB,20250717 09:54:34.833000,0,9.1,164,9.11,269,REGULAR,REGULAR,NYSE,10241
DNB,20250717 09:54:34.833000,0,9.1,164,9.11,269,REGULAR,REGULAR,NYSE,10241
DNB,20250717 09:54:49.880000,0,9.1,164,9.11,269,REGULAR,REGULAR,NYSE,10241
DNB,20250717 09:54:49.880000,0,9.1,164,9.11,269,REGULAR,REGULAR,NYSE,10241
DNB,20250717 09:54:49.880000,0,9.1,164,9.11,269,REGULAR,REGULAR,NYSE,10241
DNB,20250717 09:54:49.881000,0,9.1,164,9.11,269,REGULAR,REGULAR,NYSE,10241
DNB,20250717 09:54:49.881000,0,9.1,164,9.11,269,REGULAR,REGULAR,NYSE,10241
DNB,20250717 09:54:49.881000,0,9.1,164,9.11,269,REGULAR,REGULAR,NYSE,10241
DNB,20250717 09:54:56.664000,0,9.1,164,9.11,269,REGULAR,REGULAR,NYSE,10241
DNB,20250717 09:54:56.864000,0,9.1,164,9.11,269,REGULAR,REGULAR,NYSE,10241
DNB,20250717 09:54:56.901000,0,9.1,164,9.11,269,REGULAR,REGULAR,NYSE,10241
DNB,20250717 09:55:07.687000,0,9.1,164,9.11,269,REGULAR,REGULAR,NYSE,10241
DNB,20250717 09:55:07.687000,0,9.1,164,9.11,269,REGULAR,REGULAR,NYSE,10241
DNB,20250717 09:55:07.687000,0,9.1,164,9.11,269,REGULAR,REGULAR,NYSE,10241
DNB,20250717 09:55:07.687000,0,9.1,164,9.11,269,REGULAR,REGULAR,NYSE,10241
DNB,20250717 09:55:07.688000,0,9.1,164,9.11,269,REGULAR,REGULAR,NYSE,10241
DNB,20250717 09:55:07.929000,0,9.1,188,9.11,269,REGULAR,REGULAR,NYSE,10241
DNB,20250717 09:55:07.929000,0,9.1,188,9.11,269,REGULAR,REGULAR,NYSE,10241
DNB,20250717 09:55:07.929000,0,9.1,188,9.11,269,REGULAR,REGULAR,NYSE,10241
DNB,20250717 09:55:07.930000,0,9.1,173,9.11,269,REGULAR,REGULAR,NYSE,10241
DNB,20250717 09:55:07.930000,0,9.1,173,9.11,269,REGULAR,REGULAR,NYSE,10241
DNB,20250717 09:55:11.075000,0,9.1,173,9.11,269,REGULAR,REGULAR,NYSE,10241
DNB,20250717 09:55:16.494000,0,9.1,173,9.11,269,REGULAR,REGULAR,NYSE,10241
DNB,20250717 09:55:26.516000,0,9.1,173,9.11,269,REGULAR,REGULAR,NYSE,10241
DNB,20250717 09:55:26.516000,0,9.1,173,9.11,269,REGULAR,REGULAR,NYSE,10241
DNB,20250717 09:55:26.516000,0,9.1,173,9.11,269,REGULAR,REGULAR,NYSE,10241
DNB,20250717 09:55:26.516000,0,9.1,173,9.11,269,REGULAR,REGULAR,NYSE,10241
DNB,20250717 09:55:26.516000,0,9.1,173,9.11,269,REGULAR,REGULAR,NYSE,10241
DNB,20250717 09:55:37.946000,0,9.1,164,9.11,269,REGULAR,REGULAR,NYSE,10241
DNB,20250717 09:55:38.146000,0,9.1,253,9.11,269,REGULAR,REGULAR,NYSE,10241
DNB,20250717 09:55:47.971000,0,9.1,164,9.11,269,REGULAR,REGULAR,NYSE,10241
DNB,20250717 09:55:47.971000,0,9.1,164,9.11,269,REGULAR,REGULAR,NYSE,10241
DNB,20250717 09:55:47.971000,0,9.1,164,9.11,269,REGULAR,REGULAR,NYSE,10241
DNB,20250717 09:55:47.971000,0,9.1,164,9.11,269,REGULAR,REGULAR,NYSE,10241
DNB,20250717 09:55:47.972000,0,9.1,164,9.11,269,REGULAR,REGULAR,NYSE,10241
DNB,20250717 09:55:47.972000,0,9.1,164,9.11,269,REGULAR,REGULAR,NYSE,10241
DNB,20250717 09:55:55.906000,0,9.1,164,9.11,269,REGULAR,REGULAR,NYSE,10241
DNB,20250717 09:56:03.341000,0,9.1,164,9.11,269,REGULAR,REGULAR,NYSE,10241
DNB,20250717 09:56:03.341000,0,9.1,164,9.11,269,REGULAR,REGULAR,NYSE,10241
DNB,20250717 09:56:03.342000,0,9.1,164,9.11,269,REGULAR,REGULAR,NYSE,10241
DNB,20250717 09:56:03.342000,0,9.1,164,9.11,269,REGULAR,REGULAR,NYSE,10241
DNB,20250717 09:56:03.342000,0,9.1,164,9.11,269,REGULAR,REGULAR,NYSE,10241
DNB,20250717 09:56:03.342000,0,9.1,164,9.11,269,REGULAR,REGULAR,NYSE,10241
DNB,20250717 09:56:27.089000,0,9.1,164,9.11,269,REGULAR,REGULAR,NYSE,10241
DNB,20250717 09:56:27.090000,0,9.1,164,9.11,269,REGULAR,REGULAR,NYSE,10241
DNB,20250717 09:56:28.857000,0,9.1,164,9.11,269,REGULAR,REGULAR,NYSE,10241
DNB,20250717 09:56:40.032000,0,9.1,164,9.11,269,REGULAR,REGULAR,NYSE,10241
DNB,20250717 09:56:45.858000,0,9.1,164,9.11,269,REGULAR,REGULAR,NYSE,10241
DNB,20250717 09:56:45.858000,0,9.1,164,9.11,269,REGULAR,REGULAR,NYSE,10241
DNB,20250717 09:56:45.858000,0,9.1,164,9.11,269,REGULAR,REGULAR,NYSE,10241
DNB,20250717 09:56:45.858000,0,9.1,164,9.11,269,REGULAR,REGULAR,NYSE,10241
DNB,20250717 09:56:45.859000,0,9.1,164,9.11,269,REGULAR,REGULAR,NYSE,10241
DNB,20250717 09:57:02.020000,0,9.1,164,9.11,271,REGULAR,REGULAR,NYSE,10241
DNB,20250717 09:57:02.023000,0,9.1,164,9.11,271,REGULAR,REGULAR,NYSE,10241
DNB,20250717 09:57:02.025000,0,9.1,164,9.11,271,REGULAR,REGULAR,NYSE,10241
DNB,20250717 09:57:04.276000,0,9.1,164,9.11,271,REGULAR,REGULAR,NYSE,10241
DNB,20250717 09:57:04.277000,0,9.1,164,9.11,271,REGULAR,REGULAR,NYSE,10241
DNB,20250717 09:57:04.277000,0,9.1,164,9.11,271,REGULAR,REGULAR,NYSE,10241
DNB,20250717 09:57:04.277000,0,9.1,164,9.11,271,REGULAR,REGULAR,NYSE,10241
DNB,20250717 09:57:05.138000,0,9.1,164,9.11,271,REGULAR,REGULAR,NYSE,10241
DNB,20250717 09:57:08.144000,0,9.1,164,9.11,271,REGULAR,REGULAR,NYSE,10241
DNB,20250717 09:57:23.340000,0,9.1,164,9.11,271,REGULAR,REGULAR,NYSE,10241
DNB,20250717 09:57:23.340000,0,9.1,164,9.11,271,REGULAR,REGULAR,NYSE,10241
DNB,20250717 09:57:23.341000,0,9.1,164,9.11,271,REGULAR,REGULAR,NYSE,10241
DNB,20250717 09:57:23.341000,0,9.1,164,9.11,271,REGULAR,REGULAR,NYSE,10241
DNB,20250717 09:57:32.447000,0,9.1,163,9.11,271,REGULAR,REGULAR,NYSE,10241
DNB,20250717 09:57:45.816000,0,9.1,163,9.11,269,REGULAR,REGULAR,NYSE,10241
DNB,20250717 09:57:51.411000,0,9.1,163,9.11,269,REGULAR,REGULAR,NYSE,10241
DNB,20250717 09:57:51.411000,0,9.1,163,9.11,269,REGULAR,REGULAR,NYSE,10241
DNB,20250717 09:57:51.412000,0,9.1,163,9.11,269,REGULAR,REGULAR,NYSE,10241
DNB,20250717 09:57:53.795000,0,9.1,163,9.11,269,REGULAR,REGULAR,NYSE,10241
DNB,20250717 09:57:58.450000,0,9.1,1728,9.11,269,REGULAR,REGULAR,NYSE,10241
DNB,20250717 09:57:58.450000,0,9.1,1728,9.11,269,REGULAR,REGULAR,NYSE,10241
DNB,20250717 09:57:58.451000,0,9.1,1728,9.11,269,REGULAR,REGULAR,NYSE,10241
DNB,20250717 09:57:58.451000,0,9.1,1728,9.11,269,REGULAR,REGULAR,NYSE,10241
DNB,20250717 09:57:58.451000,0,9.1,1728,9.11,269,REGULAR,REGULAR,NYSE,10241
DNB,20250717 09:57:58.500000,0,9.1,1728,9.11,269,REGULAR,REGULAR,NYSE,10241
DNB,20250717 09:57:58.728000,0,9.1,1728,9.11,269,REGULAR,REGULAR,NYSE,10241
DNB,20250717 09:57:58.812000,0,9.1,1728,9.11,269,REGULAR,REGULAR,NYSE,10241
DNB,20250717 09:57:58.837000,0,9.1,1787,9.11,269,REGULAR,REGULAR,NYSE,10241
DNB,20250717 09:57:58.837000,0,9.1,1787,9.11,269,REGULAR,REGULAR,NYSE,10241
DNB,20250717 09:57:58.837000,0,9.1,1787,9.11,269,REGULAR,REGULAR,NYSE,10241
DNB,20250717 09:58:00.423000,0,9.1,1713,9.11,269,REGULAR,REGULAR,NYSE,10241
DNB,20250717 09:58:01.671000,0,9.1,1714,9.11,269,REGULAR,REGULAR,NYSE,10241
DNB,20250717 09:58:02.840000,0,9.1,1788,9.11,269,REGULAR,REGULAR,NYSE,10241
DNB,20250717 09:58:06.841000,0,9.1,1714,9.11,269,REGULAR,REGULAR,NYSE,10241
DNB,20250717 09:58:06.841000,0,9.1,1714,9.11,269,REGULAR,REGULAR,NYSE,10241
DNB,20250717 09:58:06.841000,0,9.1,1714,9.11,269,REGULAR,REGULAR,NYSE,10241
DNB,20250717 09:58:06.842000,0,9.1,1714,9.11,269,REGULAR,REGULAR,NYSE,10241
DNB,20250717 09:58:07.121000,0,9.1,1714,9.11,269,REGULAR,REGULAR,NYSE,10241
DNB,20250717 09:58:14.122000,0,9.1,1714,9.11,269,REGULAR,REGULAR,NYSE,10241
DNB,20250717 09:58:14.130000,0,9.1,1714,9.11,269,REGULAR,REGULAR,NYSE,10241
DNB,20250717 09:58:14.200000,0,9.1,1714,9.11,269,REGULAR,REGULAR,NYSE,10241
DNB,20250717 09:58:14.240000,0,9.1,1729,9.11,269,REGULAR,REGULAR,NYSE,10241
DNB,20250717 09:58:14.240000,0,9.1,1729,9.11,269,REGULAR,REGULAR,NYSE,10241
DNB,20250717 09:58:14.241000,0,9.1,1729,9.11,269,REGULAR,REGULAR,NYSE,10241
DNB,20250717 09:58:14.275000,0,9.1,1729,9.11,269,REGULAR,REGULAR,NYSE,10241
DNB,20250717 09:58:16.299000,0,9.1,1729,9.11,269,REGULAR,REGULAR,NYSE,10241
DNB,20250717 09:58:17.908000,0,9.1,1729,9.11,269,REGULAR,REGULAR,NYSE,10241
DNB,20250717 09:58:17.946000,0,9.1,1803,9.11,269,REGULAR,REGULAR,NYSE,10241
DNB,20250717 09:58:19.547000,0,9.1,1729,9.11,269,REGULAR,REGULAR,NYSE,10241
DNB,20250717 09:58:36.541000,0,9.1,1764,9.11,296,REGULAR,REGULAR,NYSE,10241
DNB,20250717 09:58:36.856000,0,9.1,1764,9.11,269,REGULAR,REGULAR,NYSE,10241
DNB,20250717 09:58:41.078000,0,9.1,1764,9.11,269,REGULAR,REGULAR,NYSE,10241
DNB,20250717 09:58:51.717000,0,9.1,1764,9.11,269,REGULAR,REGULAR,NYSE,10241
DNB,20250717 09:58:58.744000,0,9.1,1764,9.11,269,REGULAR,REGULAR,NYSE,10241
DNB,20250717 09:59:23.902000,0,9.1,1764,9.11,270,REGULAR,REGULAR,NYSE,10241
DNB,20250717 09:59:25.822000,0,9.1,1764,9.11,270,REGULAR,REGULAR,NYSE,10241
DNB,20250717 09:59:25.822000,0,9.1,1764,9.11,270,REGULAR,REGULAR,NYSE,10241
DNB,20250717 09:59:25.822000,0,9.1,1764,9.11,270,REGULAR,REGULAR,NYSE,10241
DNB,20250717 09:59:25.822000,0,9.1,1764,9.11,270,REGULAR,REGULAR,NYSE,10241
DNB,20250717 09:59:25.822000,0,9.1,1764,9.11,270,REGULAR,REGULAR,NYSE,10241
DNB,20250717 09:59:25.823000,0,9.1,1764,9.11,270,REGULAR,REGULAR,NYSE,10241
DNB,20250717 09:59:27.775000,0,9.1,1764,9.11,270,REGULAR,REGULAR,NYSE,10241
DNB,20250717 09:59:28.742000,0,9.1,1764,9.11,270,REGULAR,REGULAR,NYSE,10241
DNB,20250717 09:59:30.780000,0,9.1,1764,9.11,269,REGULAR,REGULAR,NYSE,10241
DNB,20250717 09:59:35.802000,0,9.1,1764,9.11,269,REGULAR,REGULAR,NYSE,10241
DNB,20250717 09:59:45.190000,0,9.1,1677,9.11,251,REGULAR,REGULAR,NYSE,10241
DNB,20250717 09:59:45.190000,0,9.1,1677,9.11,251,REGULAR,REGULAR,NYSE,10241
DNB,20250717 09:59:45.190000,0,9.1,1677,9.11,251,REGULAR,REGULAR,NYSE,10241
DNB,20250717 09:59:45.190000,0,9.1,1677,9.11,251,REGULAR,REGULAR,NYSE,10241
DNB,20250717 09:59:45.191000,0,9.1,1677,9.11,251,REGULAR,REGULAR,NYSE,10241
DNB,20250717 09:59:51.744000,0,9.1,1677,9.11,251,REGULAR,REGULAR,NYSE,10241
DNB,20250717 09:59:54.934000,0,9.1,1677,9.11,251,REGULAR,REGULAR,NYSE,10241
DNB,20250717 10:00:01.742000,0,9.1,1773,9.11,251,REGULAR,REGULAR,NYSE,10241
DNB,20250717 10:00:04.758000,0,9.1,1773,9.11,251,REGULAR,REGULAR,NYSE,10241
DNB,20250717 10:00:04.758000,0,9.1,1773,9.11,251,REGULAR,REGULAR,NYSE,10241
DNB,20250717 10:00:04.758000,0,9.1,1773,9.11,251,REGULAR,REGULAR,NYSE,10241
DNB,20250717 10:00:04.758000,0,9.1,1773,9.11,251,REGULAR,REGULAR,NYSE,10241
DNB,20250717 10:00:04.759000,0,9.1,1773,9.11,251,REGULAR,REGULAR,NYSE,10241
DNB,20250717 10:00:05.174000,0,9.1,1773,9.11,251,REGULAR,REGULAR,NYSE,10241
DNB,20250717 10:00:17.895000,0,9.1,1774,9.11,251,REGULAR,REGULAR,NYSE,10241
DNB,20250717 10:00:23.792000,0,9.1,1774,9.11,251,REGULAR,REGULAR,NYSE,10241
DNB,20250717 10:00:23.792000,0,9.1,1774,9.11,251,REGULAR,REGULAR,NYSE,10241
DNB,20250717 10:00:23.792000,0,9.1,1774,9.11,251,REGULAR,REGULAR,NYSE,10241
DNB,20250717 10:00:23.792000,0,9.1,1774,9.11,251,REGULAR,REGULAR,NYSE,10241
DNB,20250717 10:00:23.793000,0,9.1,1774,9.11,251,REGULAR,REGULAR,NYSE,10241
DNB,20250717 10:00:25.099000,0,9.1,1774,9.11,251,REGULAR,REGULAR,NYSE,10241
DNB,20250717 10:00:41.643000,0,9.1,1811,9.11,261,REGULAR,REGULAR,NYSE,10241
DNB,20250717 10:00:41.643000,0,9.1,1811,9.11,261,REGULAR,REGULAR,NYSE,10241
DNB,20250717 10:00:41.643000,0,9.1,1811,9.11,261,REGULAR,REGULAR,NYSE,10241
DNB,20250717 10:00:41.644000,0,9.1,1811,9.11,261,REGULAR,REGULAR,NYSE,10241
DNB,20250717 10:00:41.644000,0,9.1,1811,9.11,261,REGULAR,REGULAR,NYSE,10241
DNB,20250717 10:00:41.993000,0,9.1,1812,9.11,261,REGULAR,REGULAR,NYSE,10241
DNB,20250717 10:01:16.541000,0,9.1,1812,9.11,261,REGULAR,REGULAR,NYSE,10241
DNB,20250717 10:01:47.707000,0,9.1,1812,9.11,261,REGULAR,REGULAR,NYSE,10241
DNB,20250717 10:01:49.545000,0,9.1,1812,9.11,261,REGULAR,REGULAR,NYSE,10241
DNB,20250717 10:01:56.629000,0,9.1,1812,9.11,261,REGULAR,REGULAR,NYSE,10241
DNB,20250717 10:01:56.658000,0,9.1,1812,9.11,261,REGULAR,REGULAR,NYSE,10241
DNB,20250717 10:02:50.292000,0,9.1,1814,9.11,261,REGULAR,REGULAR,NYSE,10241
DNB,20250717 10:02:50.293000,0,9.1,1814,9.11,261,REGULAR,REGULAR,NYSE,10241
DNB,20250717 10:02:50.294000,0,9.1,1814,9.11,261,REGULAR,REGULAR,NYSE,10241
DNB,20250717 10:02:50.294000,0,9.1,1814,9.11,261,REGULAR,REGULAR,NYSE,10241
DNB,20250717 10:02:50.294000,0,9.1,1814,9.11,261,REGULAR,REGULAR,NYSE,10241
DNB,20250717 10:02:50.294000,0,9.1,1814,9.11,261,REGULAR,REGULAR,NYSE,10241
DNB,20250717 10:02:50.294000,0,9.1,1814,9.11,261,REGULAR,REGULAR,NYSE,10241
DNB,20250717 10:02:50.294000,0,9.1,1814,9.11,261,REGULAR,REGULAR,NYSE,10241
DNB,20250717 10:02:50.294000,0,9.1,1814,9.11,261,REGULAR,REGULAR,NYSE,10241
DNB,20250717 10:02:50.301000,0,9.1,1814,9.11,261,REGULAR,REGULAR,NYSE,10241
DNB,20250717 10:02:50.303000,0,9.1,1814,9.11,261,REGULAR,REGULAR,NYSE,10241
DNB,20250717 10:02:50.310000,0,9.1,1822,9.11,261,REGULAR,REGULAR,NYSE,10241
DNB,20250717 10:02:50.311000,0,9.1,1822,9.11,261,REGULAR,REGULAR,NYSE,10241
DNB,20250717 10:02:50.311000,0,9.1,1822,9.11,261,REGULAR,REGULAR,NYSE,10241
DNB,20250717 10:02:50.311000,0,9.1,1822,9.11,261,REGULAR,REGULAR,NYSE,10241
DNB,20250717 10:02:50.311000,0,9.1,1822,9.11,261,REGULAR,REGULAR,NYSE,10241
DNB,20250717 10:02:50.318000,0,9.1,1822,9.11,261,REGULAR,REGULAR,NYSE,10241
DNB,20250717 10:02:50.318000,0,9.1,1822,9.11,261,REGULAR,REGULAR,NYSE,10241
DNB,20250717 10:02:50.466000,0,9.1,1822,9.11,261,REGULAR,REGULAR,NYSE,10241
DNB,20250717 10:02:51.317000,0,9.1,1822,9.11,262,REGULAR,REGULAR,NYSE,10241
DNB,20250717 10:02:52.573000,0,9.1,1951,9.11,262,REGULAR,REGULAR,NYSE,10241
DNB,20250717 10:02:52.573000,0,9.1,1951,9.11,262,REGULAR,REGULAR,NYSE,10241
DNB,20250717 10:02:52.573000,0,9.1,1951,9.11,262,REGULAR,REGULAR,NYSE,10241
DNB,20250717 10:02:52.573000,0,9.1,1951,9.11,262,REGULAR,REGULAR,NYSE,10241
DNB,20250717 10:02:52.573000,0,9.1,1951,9.11,262,REGULAR,REGULAR,NYSE,10241
DNB,20250717 10:02:52.574000,0,9.1,1877,9.11,284,REGULAR,REGULAR,NYSE,10241
DNB,20250717 10:02:52.574000,0,9.1,1877,9.11,284,REGULAR,REGULAR,NYSE,10241
DNB,20250717 10:02:52.575000,0,9.1,1877,9.11,264,REGULAR,REGULAR,NYSE,10241
DNB,20250717 10:02:53.575000,0,9.1,1877,9.11,264,REGULAR,REGULAR,NYSE,10241
DNB,20250717 10:02:53.576000,0,9.1,1877,9.11,264,REGULAR,REGULAR,NYSE,10241
DNB,20250717 10:02:53.576000,0,9.1,1877,9.11,264,REGULAR,REGULAR,NYSE,10241
DNB,20250717 10:02:53.583000,0,9.1,1877,9.11,264,REGULAR,REGULAR,NYSE,10241
DNB,20250717 10:02:53.583000,0,9.1,1877,9.11,264,REGULAR,REGULAR,NYSE,10241
DNB,20250717 10:02:53.900000,0,9.1,1877,9.11,264,REGULAR,REGULAR,NYSE,10241
DNB,20250717 10:02:54.969000,0,9.1,1951,9.11,264,REGULAR,REGULAR,NYSE,10241
DNB,20250717 10:02:54.971000,0,9.1,1951,9.11,264,REGULAR,REGULAR,NYSE,10241
DNB,20250717 10:02:56.676000,0,9.1,1877,9.11,264,REGULAR,REGULAR,NYSE,10241
DNB,20250717 10:02:57.583000,0,9.1,1877,9.11,264,REGULAR,REGULAR,NYSE,10241
DNB,20250717 10:02:57.584000,0,9.1,1877,9.11,264,REGULAR,REGULAR,NYSE,10241
DNB,20250717 10:02:57.591000,0,9.1,1877,9.11,264,REGULAR,REGULAR,NYSE,10241
DNB,20250717 10:02:57.592000,0,9.1,1877,9.11,261,REGULAR,REGULAR,NYSE,10241
DNB,20250717 10:02:57.592000,0,9.1,1877,9.11,261,REGULAR,REGULAR,NYSE,10241
DNB,20250717 10:02:57.975000,0,9.1,1877,9.11,262,REGULAR,REGULAR,NYSE,10241
DNB,20250717 10:02:58.953000,0,9.1,1951,9.11,262,REGULAR,REGULAR,NYSE,10241
DNB,20250717 10:02:58.953000,0,9.1,1951,9.11,262,REGULAR,REGULAR,NYSE,10241
DNB,20250717 10:02:58.954000,0,9.1,1951,9.11,262,REGULAR,REGULAR,NYSE,10241
DNB,20250717 10:02:58.954000,0,9.1,1951,9.11,262,REGULAR,REGULAR,NYSE,10241
DNB,20250717 10:02:58.954000,0,9.1,1951,9.11,262,REGULAR,REGULAR,NYSE,10241
DNB,20250717 10:02:58.954000,0,9.1,1951,9.11,262,REGULAR,REGULAR,NYSE,10241
DNB,20250717 10:02:58.955000,0,9.1,1951,9.11,262,REGULAR,REGULAR,NYSE,10241
DNB,20250717 10:02:58.955000,0,9.1,1951,9.11,262,REGULAR,REGULAR,NYSE,10241
DNB,20250717 10:02:58.955000,0,9.1,1951,9.11,262,REGULAR,REGULAR,NYSE,10241
DNB,20250717 10:03:00.741000,0,9.1,1912,9.11,263,REGULAR,REGULAR,NYSE,10241
DNB,20250717 10:03:01.625000,0,9.1,1912,9.11,263,REGULAR,REGULAR,NYSE,10241
DNB,20250717 10:03:02.274000,0,9.1,1912,9.11,263,REGULAR,REGULAR,NYSE,10241
DNB,20250717 10:03:04.717000,0,9.1,1912,9.11,263,REGULAR,REGULAR,NYSE,10241
DNB,20250717 10:03:04.718000,0,9.1,1912,9.11,263,REGULAR,REGULAR,NYSE,10241
DNB,20250717 10:03:05.533000,0,9.1,1912,9.11,263,REGULAR,REGULAR,NYSE,10241
DNB,20250717 10:03:05.534000,0,9.1,1912,9.11,263,REGULAR,REGULAR,NYSE,10241
DNB,20250717 10:03:05.542000,0,9.1,1912,9.11,263,REGULAR,REGULAR,NYSE,10241
DNB,20250717 10:03:05.543000,0,9.1,1912,9.11,263,REGULAR,REGULAR,NYSE,10241
DNB,20250717 10:03:05.544000,0,9.1,1912,9.11,263,REGULAR,REGULAR,NYSE,10241
DNB,20250717 10:03:05.547000,0,9.1,1912,9.11,263,REGULAR,REGULAR,NYSE,10241
DNB,20250717 10:03:05.559000,0,9.1,1912,9.11,263,REGULAR,REGULAR,NYSE,10241
DNB,20250717 10:03:05.577000,0,9.1,1912,9.11,263,REGULAR,REGULAR,NYSE,10241
DNB,20250717 10:03:05.745000,0,9.1,1912,9.11,263,REGULAR,REGULAR,NYSE,10241
DNB,20250717 10:03:05.748000,0,9.1,1912,9.11,263,REGULAR,REGULAR,NYSE,10241
DNB,20250717 10:03:05.752000,0,9.1,1912,9.11,263,REGULAR,REGULAR,NYSE,10241
DNB,20250717 10:03:05.758000,0,9.1,1912,9.11,263,REGULAR,REGULAR,NYSE,10241
DNB,20250717 10:03:05.791000,0,9.1,1912,9.11,263,REGULAR,REGULAR,NYSE,10241
DNB,20250717 10:03:05.812000,0,9.1,1912,9.11,263,REGULAR,REGULAR,NYSE,10241
DNB,20250717 10:03:05.815000,0,9.1,1912,9.11,263,REGULAR,REGULAR,NYSE,10241
DNB,20250717 10:03:06.072000,0,9.1,1912,9.11,263,REGULAR,REGULAR,NYSE,10241
DNB,20250717 10:03:06.083000,0,9.1,1912,9.11,263,REGULAR,REGULAR,NYSE,10241
DNB,20250717 10:03:06.857000,0,9.1,1912,9.11,263,REGULAR,REGULAR,NYSE,10241
DNB,20250717 10:03:06.857000,0,9.1,1912,9.11,263,REGULAR,REGULAR,NYSE,10241
DNB,20250717 10:03:06.857000,0,9.1,1912,9.11,263,REGULAR,REGULAR,NYSE,10241
DNB,20250717 10:03:06.860000,0,9.1,1912,9.11,263,REGULAR,REGULAR,NYSE,10241
DNB,20250717 10:03:09.050000,0,9.1,1912,9.11,263,REGULAR,REGULAR,NYSE,10241
DNB,20250717 10:03:11.086000,0,9.1,1912,9.11,263,REGULAR,REGULAR,NYSE,10241
DNB,20250717 10:03:11.298000,0,9.1,1912,9.11,263,REGULAR,REGULAR,NYSE,10241
DNB,20250717 10:03:12.392000,0,9.1,1912,9.11,263,REGULAR,REGULAR,NYSE,10241
DNB,20250717 10:03:13.503000,0,9.1,1912,9.11,263,REGULAR,REGULAR,NYSE,10241
DNB,20250717 10:03:16.102000,0,9.1,1912,9.11,263,REGULAR,REGULAR,NYSE,10241
DNB,20250717 10:03:16.543000,0,9.1,1912,9.11,263,REGULAR,REGULAR,NYSE,10241
DNB,20250717 10:03:18.413000,0,9.1,1912,9.11,263,REGULAR,REGULAR,NYSE,10241
DNB,20250717 10:03:20.478000,0,9.1,1912,9.11,263,REGULAR,REGULAR,NYSE,10241
DNB,20250717 10:03:20.493000,0,9.1,1912,9.11,263,REGULAR,REGULAR,NYSE,10241
DNB,20250717 10:03:23.056000,0,9.1,1912,9.11,263,REGULAR,REGULAR,NYSE,10241
DNB,20250717 10:03:23.056000,0,9.1,1912,9.11,263,REGULAR,REGULAR,NYSE,10241
DNB,20250717 10:03:25.345000,0,9.1,1912,9.11,263,REGULAR,REGULAR,NYSE,10241
DNB,20250717 10:03:27.775000,0,9.1,1912,9.11,263,REGULAR,REGULAR,NYSE,10241
DNB,20250717 10:03:30.347000,0,9.1,1912,9.11,263,REGULAR,REGULAR,NYSE,10241
DNB,20250717 10:03:30.347000,0,9.1,1912,9.11,263,REGULAR,REGULAR,NYSE,10241
DNB,20250717 10:03:30.479000,0,9.1,1912,9.11,263,REGULAR,REGULAR,NYSE,10241
DNB,20250717 10:03:31.269000,0,9.1,1912,9.11,263,REGULAR,REGULAR,NYSE,10241
DNB,20250717 10:03:32.436000,0,9.1,1887,9.11,263,REGULAR,REGULAR,NYSE,10241
DNB,20250717 10:03:32.437000,0,9.1,1887,9.11,263,REGULAR,REGULAR,NYSE,10241
DNB,20250717 10:03:34.102000,0,9.1,1887,9.11,263,REGULAR,REGULAR,NYSE,10241
DNB,20250717 10:03:34.103000,0,9.1,1887,9.11,263,REGULAR,REGULAR,NYSE,10241
DNB,20250717 10:03:34.103000,0,9.1,1887,9.11,263,REGULAR,REGULAR,NYSE,10241
DNB,20250717 10:03:34.513000,0,9.1,1887,9.11,263,REGULAR,REGULAR,NYSE,10241
DNB,20250717 10:03:34.513000,0,9.1,1887,9.11,263,REGULAR,REGULAR,NYSE,10241
DNB,20250717 10:03:37.945000,0,9.1,1887,9.11,263,REGULAR,REGULAR,NYSE,10241
DNB,20250717 10:03:45.224000,0,9.1,1886,9.11,263,REGULAR,REGULAR,NYSE,10241
DNB,20250717 10:03:45.399000,0,9.1,1886,9.11,263,REGULAR,REGULAR,NYSE,10241
DNB,20250717 10:03:51.228000,0,9.1,1886,9.11,263,REGULAR,REGULAR,NYSE,10241
DNB,20250717 10:04:09.960000,0,9.1,1875,9.11,264,REGULAR,REGULAR,NYSE,10241
DNB,20250717 10:04:13.015000,0,9.1,1850,9.11,265,REGULAR,REGULAR,NYSE,10241
DNB,20250717 10:04:13.015000,0,9.1,1850,9.11,265,REGULAR,REGULAR,NYSE,10241
DNB,20250717 10:04:13.015000,0,9.1,1850,9.11,265,REGULAR,REGULAR,NYSE,10241
DNB,20250717 10:04:13.015000,0,9.1,1850,9.11,265,REGULAR,REGULAR,NYSE,10241
DNB,20250717 10:04:13.015000,0,9.1,1850,9.11,265,REGULAR,REGULAR,NYSE,10241
DNB,20250717 10:04:13.016000,0,9.1,1850,9.11,265,REGULAR,REGULAR,NYSE,10241
DNB,20250717 10:04:30.310000,0,9.1,1842,9.11,265,REGULAR,REGULAR,NYSE,10241
DNB,20250717 10:04:30.311000,0,9.1,1842,9.11,265,REGULAR,REGULAR,NYSE,10241
DNB,20250717 10:04:30.311000,0,9.1,1842,9.11,265,REGULAR,REGULAR,NYSE,10241
DNB,20250717 10:04:30.311000,0,9.1,1842,9.11,265,REGULAR,REGULAR,NYSE,10241
DNB,20250717 10:04:30.312000,0,9.1,1842,9.11,265,REGULAR,REGULAR,NYSE,10241
DNB,20250717 10:04:31.509000,0,9.1,1842,9.11,265,REGULAR,REGULAR,NYSE,10241
DNB,20250717 10:04:43.885000,0,9.1,1842,9.11,265,REGULAR,REGULAR,NYSE,10241
DNB,20250717 10:04:50.693000,0,9.1,1842,9.11,266,REGULAR,REGULAR,NYSE,10241
DNB,20250717 10:04:50.693000,0,9.1,1842,9.11,266,REGULAR,REGULAR,NYSE,10241
DNB,20250717 10:04:50.694000,0,9.1,1842,9.11,266,REGULAR,REGULAR,NYSE,10241
DNB,20250717 10:04:50.694000,0,9.1,1842,9.11,266,REGULAR,REGULAR,NYSE,10241
DNB,20250717 10:04:52.704000,0,9.1,1842,9.11,266,REGULAR,REGULAR,NYSE,10241
DNB,20250717 10:05:10.321000,0,9.1,1846,9.11,266,REGULAR,REGULAR,NYSE,10241
DNB,20250717 10:05:10.321000,0,9.1,1846,9.11,266,REGULAR,REGULAR,NYSE,10241
DNB,20250717 10:05:10.321000,0,9.1,1846,9.11,266,REGULAR,REGULAR,NYSE,10241
DNB,20250717 10:05:10.321000,0,9.1,1846,9.11,266,REGULAR,REGULAR,NYSE,10241
DNB,20250717 10:05:10.322000,0,9.1,1846,9.11,266,REGULAR,REGULAR,NYSE,10241
DNB,20250717 10:05:10.468000,0,9.1,1846,9.11,266,REGULAR,REGULAR,NYSE,10241
DNB,20250717 10:05:29.864000,0,9.1,1846,9.11,266,REGULAR,REGULAR,NYSE,10241
DNB,20250717 10:05:29.864000,0,9.1,1846,9.11,266,REGULAR,REGULAR,NYSE,10241
DNB,20250717 10:05:29.864000,0,9.1,1846,9.11,266,REGULAR,REGULAR,NYSE,10241
DNB,20250717 10:05:29.864000,0,9.1,1846,9.11,266,REGULAR,REGULAR,NYSE,10241
DNB,20250717 10:05:29.865000,0,9.1,1846,9.11,266,REGULAR,REGULAR,NYSE,10241
DNB,20250717 10:05:49.271000,0,9.1,1857,9.11,488,REGULAR,REGULAR,NYSE,10243
DNB,20250717 10:05:49.271000,0,9.1,1857,9.11,488,REGULAR,REGULAR,NYSE,10243
DNB,20250717 10:05:49.271000,0,9.1,1857,9.11,488,REGULAR,REGULAR,NYSE,10243
DNB,20250717 10:05:49.272000,0,9.1,1857,9.11,488,REGULAR,REGULAR,NYSE,10243
DNB,20250717 10:05:50.162000,0,9.1,1857,9.11,488,REGULAR,REGULAR,NYSE,10243
DNB,20250717 10:06:08.398000,0,9.1,1892,9.11,502,REGULAR,REGULAR,NYSE,10243
DNB,20250717 10:06:08.398000,0,9.1,1892,9.11,502,REGULAR,REGULAR,NYSE,10243
DNB,20250717 10:06:08.398000,0,9.1,1892,9.11,502,REGULAR,REGULAR,NYSE,10243
DNB,20250717 10:06:08.399000,0,9.1,1892,9.11,502,REGULAR,REGULAR,NYSE,10243
DNB,20250717 10:06:08.799000,0,9.1,1892,9.11,502,REGULAR,REGULAR,NYSE,10243
DNB,20250717 10:06:13.556000,0,9.1,1867,9.11,502,REGULAR,REGULAR,NYSE,10243
DNB,20250717 10:06:14.432000,0,9.1,1867,9.11,502,REGULAR,REGULAR,NYSE,10243
DNB,20250717 10:06:21.819000,0,9.1,1867,9.11,502,REGULAR,REGULAR,NYSE,10243
DNB,20250717 10:06:22.401000,0,9.1,1867,9.11,502,REGULAR,REGULAR,NYSE,10243
DNB,20250717 10:06:22.401000,0,9.1,1867,9.11,502,REGULAR,REGULAR,NYSE,10243
DNB,20250717 10:06:27.465000,0,9.1,1867,9.11,502,REGULAR,REGULAR,NYSE,10243
DNB,20250717 10:06:27.465000,0,9.1,1867,9.11,502,REGULAR,REGULAR,NYSE,10243
DNB,20250717 10:06:27.466000,0,9.1,1867,9.11,502,REGULAR,REGULAR,NYSE,10243
DNB,20250717 10:06:27.466000,0,9.1,1867,9.11,502,REGULAR,REGULAR,NYSE,10243
DNB,20250717 10:06:27.609000,0,9.1,1867,9.11,502,REGULAR,REGULAR,NYSE,10243
DNB,20250717 10:06:31.282000,0,9.1,1896,9.11,506,REGULAR,REGULAR,NYSE,10243
DNB,20250717 10:06:33.984000,0,9.1,1870,9.11,505,REGULAR,REGULAR,NYSE,10243
DNB,20250717 10:06:46.009000,0,9.1,1868,9.11,505,REGULAR,REGULAR,NYSE,10243
DNB,20250717 10:06:46.010000,0,9.1,1868,9.11,505,REGULAR,REGULAR,NYSE,10243
DNB,20250717 10:06:47.434000,0,9.1,1859,9.11,505,REGULAR,REGULAR,NYSE,10243
DNB,20250717 10:06:50.689000,0,9.1,1859,9.11,505,REGULAR,REGULAR,NYSE,10243
DNB,20250717 10:06:50.689000,0,9.1,1859,9.11,505,REGULAR,REGULAR,NYSE,10243
DNB,20250717 10:07:00.508000,0,9.1,2014,9.11,409,REGULAR,REGULAR,NYSE,10243
DNB,20250717 10:07:01.065000,0,9.1,2014,9.11,409,REGULAR,REGULAR,NYSE,10243
DNB,20250717 10:07:01.065000,0,9.1,2014,9.11,409,REGULAR,REGULAR,NYSE,10243
DNB,20250717 10:07:01.065000,0,9.1,2014,9.11,409,REGULAR,REGULAR,NYSE,10243
DNB,20250717 10:07:04.207000,0,9.1,2014,9.11,409,REGULAR,REGULAR,NYSE,10243
DNB,20250717 10:07:04.207000,0,9.1,2014,9.11,409,REGULAR,REGULAR,NYSE,10243
DNB,20250717 10:07:04.207000,0,9.1,2014,9.11,409,REGULAR,REGULAR,NYSE,10243
DNB,20250717 10:07:04.208000,0,9.1,2014,9.11,409,REGULAR,REGULAR,NYSE,10243
DNB,20250717 10:07:04.208000,0,9.1,2014,9.11,409,REGULAR,REGULAR,NYSE,10243
DNB,20250717 10:07:05.707000,0,9.1,2014,9.11,409,REGULAR,REGULAR,NYSE,10243
DNB,20250717 10:07:23.576000,0,9.1,2014,9.11,505,REGULAR,REGULAR,NYSE,10243
DNB,20250717 10:07:23.576000,0,9.1,2014,9.11,505,REGULAR,REGULAR,NYSE,10243
DNB,20250717 10:07:23.576000,0,9.1,2014,9.11,505,REGULAR,REGULAR,NYSE,10243
DNB,20250717 10:07:23.577000,0,9.1,2014,9.11,505,REGULAR,REGULAR,NYSE,10243
DNB,20250717 10:07:23.671000,0,9.1,2014,9.11,505,REGULAR,REGULAR,NYSE,10243
DNB,20250717 10:07:23.671000,0,9.1,2014,9.11,505,REGULAR,REGULAR,NYSE,10243
DNB,20250717 10:07:23.922000,0,9.1,2014,9.11,505,REGULAR,REGULAR,NYSE,10243
DNB,20250717 10:07:23.923000,0,9.1,2014,9.11,505,REGULAR,REGULAR,NYSE,10243
DNB,20250717 10:07:23.980000,0,9.1,2014,9.11,505,REGULAR,REGULAR,NYSE,10243
DNB,20250717 10:07:23.982000,0,9.1,2014,9.11,505,REGULAR,REGULAR,NYSE,10243
DNB,20250717 10:07:23.984000,0,9.1,2014,9.11,505,REGULAR,REGULAR,NYSE,10243
DNB,20250717 10:07:23.985000,0,9.1,2014,9.11,505,REGULAR,REGULAR,NYSE,10243
DNB,20250717 10:07:23.986000,0,9.1,2014,9.11,505,REGULAR,REGULAR,NYSE,10243
DNB,20250717 10:07:23.987000,0,9.1,2014,9.11,505,REGULAR,REGULAR,NYSE,10243
DNB,20250717 10:07:23.988000,0,9.1,2014,9.11,505,REGULAR,REGULAR,NYSE,10243
DNB,20250717 10:07:23.990000,0,9.1,2014,9.11,505,REGULAR,REGULAR,NYSE,10243
DNB,20250717 10:07:23.991000,0,9.1,2014,9.11,505,REGULAR,REGULAR,NYSE,10243
DNB,20250717 10:07:23.992000,0,9.1,2014,9.11,505,REGULAR,REGULAR,NYSE,10243
DNB,20250717 10:07:23.993000,0,9.1,2014,9.11,505,REGULAR,REGULAR,NYSE,10243
DNB,20250717 10:07:23.995000,0,9.1,2014,9.11,505,REGULAR,REGULAR,NYSE,10243
DNB,20250717 10:07:23.996000,0,9.1,2014,9.11,505,REGULAR,REGULAR,NYSE,10243
DNB,20250717 10:07:23.997000,0,9.1,2014,9.11,505,REGULAR,REGULAR,NYSE,10243
DNB,20250717 10:07:23.998000,0,9.1,2014,9.11,505,REGULAR,REGULAR,NYSE,10243
DNB,20250717 10:07:23.999000,0,9.1,2014,9.11,505,REGULAR,REGULAR,NYSE,10243
DNB,20250717 10:07:24.000000,0,9.1,2014,9.11,505,REGULAR,REGULAR,NYSE,10243
DNB,20250717 10:07:24.001000,0,9.1,2014,9.11,505,REGULAR,REGULAR,NYSE,10243
DNB,20250717 10:07:24.002000,0,9.1,2014,9.11,505,REGULAR,REGULAR,NYSE,10243
DNB,20250717 10:07:24.003000,0,9.1,2014,9.11,505,REGULAR,REGULAR,NYSE,10243
DNB,20250717 10:07:24.004000,0,9.1,2014,9.11,505,REGULAR,REGULAR,NYSE,10243
DNB,20250717 10:07:24.005000,0,9.1,2014,9.11,505,REGULAR,REGULAR,NYSE,10243
DNB,20250717 10:07:24.007000,0,9.1,2014,9.11,505,REGULAR,REGULAR,NYSE,10243
DNB,20250717 10:07:24.008000,0,9.1,2014,9.11,505,REGULAR,REGULAR,NYSE,10243
DNB,20250717 10:07:24.009000,0,9.1,2014,9.11,505,REGULAR,REGULAR,NYSE,10243
DNB,20250717 10:07:24.010000,0,9.1,2014,9.11,505,REGULAR,REGULAR,NYSE,10243
DNB,20250717 10:07:24.011000,0,9.1,2014,9.11,505,REGULAR,REGULAR,NYSE,10243
DNB,20250717 10:07:24.011000,0,9.1,2014,9.11,505,REGULAR,REGULAR,NYSE,10243
DNB,20250717 10:07:24.012000,0,9.1,2014,9.11,505,REGULAR,REGULAR,NYSE,10243
DNB,20250717 10:07:24.490000,0,9.1,2113,9.11,505,REGULAR,REGULAR,NYSE,10243
DNB,20250717 10:07:24.490000,0,9.1,2113,9.11,505,REGULAR,REGULAR,NYSE,10243
DNB,20250717 10:07:24.490000,0,9.1,2113,9.11,505,REGULAR,REGULAR,NYSE,10243
DNB,20250717 10:07:28.782000,0,9.1,2014,9.11,505,REGULAR,REGULAR,NYSE,10243
DNB,20250717 10:07:30.359000,0,9.1,2113,9.11,505,REGULAR,REGULAR,NYSE,10243
DNB,20250717 10:07:30.359000,0,9.1,2113,9.11,505,REGULAR,REGULAR,NYSE,10243
DNB,20250717 10:07:30.586000,0,9.1,2039,9.11,505,REGULAR,REGULAR,NYSE,10243
DNB,20250717 10:07:33.129000,0,9.1,2113,9.11,505,REGULAR,REGULAR,NYSE,10243
DNB,20250717 10:07:33.129000,0,9.1,2113,9.11,505,REGULAR,REGULAR,NYSE,10243
DNB,20250717 10:07:35.623000,0,9.1,2113,9.11,505,REGULAR,REGULAR,NYSE,10243
DNB,20250717 10:07:37.270000,0,9.1,2039,9.11,505,REGULAR,REGULAR,NYSE,10243
DNB,20250717 10:07:37.270000,0,9.1,2039,9.11,505,REGULAR,REGULAR,NYSE,10243
DNB,20250717 10:07:37.272000,0,9.1,2039,9.11,505,REGULAR,REGULAR,NYSE,10243
DNB,20250717 10:07:37.272000,0,9.1,2039,9.11,505,REGULAR,REGULAR,NYSE,10243
DNB,20250717 10:07:37.275000,0,9.1,2039,9.11,505,REGULAR,REGULAR,NYSE,10243
DNB,20250717 10:07:37.276000,0,9.1,2039,9.11,505,REGULAR,REGULAR,NYSE,10243
DNB,20250717 10:07:37.277000,0,9.1,2039,9.11,505,REGULAR,REGULAR,NYSE,10243
DNB,20250717 10:07:37.279000,0,9.1,2039,9.11,505,REGULAR,REGULAR,NYSE,10243
DNB,20250717 10:07:38.007000,0,9.1,2039,9.11,505,REGULAR,REGULAR,NYSE,10243
DNB,20250717 10:07:38.618000,0,9.1,2039,9.11,266,REGULAR,REGULAR,NYSE,10241
DNB,20250717 10:07:38.642000,0,9.1,2039,9.11,266,REGULAR,REGULAR,NYSE,10241
DNB,20250717 10:07:38.642000,0,9.1,2039,9.11,266,REGULAR,REGULAR,NYSE,10241
DNB,20250717 10:07:38.642000,0,9.1,2039,9.11,266,REGULAR,REGULAR,NYSE,10241
DNB,20250717 10:07:38.761000,0,9.1,2039,9.11,266,REGULAR,REGULAR,NYSE,10241
DNB,20250717 10:07:38.765000,0,9.1,2039,9.11,266,REGULAR,REGULAR,NYSE,10241
DNB,20250717 10:07:38.766000,0,9.1,2039,9.11,266,REGULAR,REGULAR,NYSE,10241
DNB,20250717 10:07:38.820000,0,9.1,2039,9.11,266,REGULAR,REGULAR,NYSE,10241
DNB,20250717 10:07:39.821000,0,9.1,2039,9.11,266,REGULAR,REGULAR,NYSE,10241
DNB,20250717 10:07:39.821000,0,9.1,2039,9.11,266,REGULAR,REGULAR,NYSE,10241
DNB,20250717 10:07:39.821000,0,9.1,2039,9.11,266,REGULAR,REGULAR,NYSE,10241
DNB,20250717 10:07:39.821000,0,9.1,2039,9.11,266,REGULAR,REGULAR,NYSE,10241
DNB,20250717 10:07:39.979000,0,9.1,2039,9.11,478,REGULAR,REGULAR,NYSE,10243
DNB,20250717 10:07:40.218000,0,9.1,2039,9.11,478,REGULAR,REGULAR,NYSE,10243
DNB,20250717 10:07:42.396000,0,9.1,2039,9.11,478,REGULAR,REGULAR,NYSE,10243
DNB,20250717 10:07:44.894000,0,9.1,2013,9.11,478,REGULAR,REGULAR,NYSE,10243
DNB,20250717 10:07:45.865000,0,9.1,2013,9.11,574,REGULAR,REGULAR,NYSE,10243
DNB,20250717 10:07:47.151000,0,9.1,2013,9.11,574,REGULAR,REGULAR,NYSE,10243
DNB,20250717 10:07:47.169000,0,9.1,2013,9.11,574,REGULAR,REGULAR,NYSE,10243
DNB,20250717 10:07:47.169000,0,9.1,2013,9.11,574,REGULAR,REGULAR,NYSE,10243
DNB,20250717 10:07:48.569000,0,9.1,2013,9.11,574,REGULAR,REGULAR,NYSE,10243
DNB,20250717 10:07:48.569000,0,9.1,2013,9.11,574,REGULAR,REGULAR,NYSE,10243
DNB,20250717 10:07:49.199000,0,9.1,2013,9.11,574,REGULAR,REGULAR,NYSE,10243
DNB,20250717 10:07:50.241000,0,9.1,3588,9.11,476,REGULAR,REGULAR,NYSE,10243
DNB,20250717 10:07:53.600000,0,9.1,3662,9.11,476,REGULAR,REGULAR,NYSE,10243
DNB,20250717 10:07:53.600000,0,9.1,3662,9.11,476,REGULAR,REGULAR,NYSE,10243
DNB,20250717 10:07:53.600000,0,9.1,3662,9.11,476,REGULAR,REGULAR,NYSE,10243
