SymbolId,TradeTime,Index,Size,TotalVolume,Price,ReportingExchange,TradeCondition
DNB,20250717 09:22:08.270000,507231,1636,1642,9.11,PACF,12545
DNB,20250717 09:22:08.270000,507232,5000,6642,9.11,CHIC,12545
DNB,20250717 09:22:08.270000,507240,407,15778,9.11,CHIC,12545
DNB,20250717 09:22:08.270000,507233,728,7370,9.11,CHIC,12545
DNB,20250717 09:22:08.270000,507239,800,15371,9.11,EDGE,12545
DNB,20250717 09:22:08.270000,507238,120,14571,9.11,CHIC,12545
DNB,20250717 09:22:08.270000,507237,245,14451,9.11,CHIC,12545
DNB,20250717 09:22:08.270000,507236,200,14206,9.11,NQEX,12545
DNB,20250717 09:22:08.270000,507235,1636,14006,9.11,NQEX,12545
DNB,20250717 09:22:08.270000,507234,5000,12370,9.11,NQEX,12545
DNB,20250717 09:30:00.049000,547849,6,15784,9.11,BATS,12659
DNB,20250717 09:30:01.076000,563888,84311,100095,9.11,NYSE,12606
DNB,20250717 09:30:01.076000,563889,84311,184406,9.11,NYSE,12610
DNB,20250717 09:30:01.079000,564063,100,184506,9.11,NYSE,12639
DNB,20250717 09:30:01.080000,564107,400,214086,9.11,EDGX,12639
DNB,20250717 09:30:01.080000,564109,300,215186,9.11,BATS,12544
DNB,20250717 09:30:01.080000,564115,200,215386,9.11,EDGX,12544
DNB,20250717 09:30:01.080000,564108,800,214886,9.11,EDGE,12639
DNB,20250717 09:30:01.080000,564069,200,192206,9.11,PACF,12639
DNB,20250717 09:30:01.080000,564106,200,213686,9.11,EDGX,12639
DNB,20250717 09:30:01.080000,564105,25,213486,9.11,EDGX,12659
DNB,20250717 09:30:01.080000,564066,2500,187006,9.11,PACF,12639
DNB,20250717 09:30:01.080000,564142,789,228086,9.11,NQEX,12639
DNB,20250717 09:30:01.080000,564139,200,227297,9.11,EDGX,12544
DNB,20250717 09:30:01.080000,564138,200,227097,9.11,NQEX,12639
DNB,20250717 09:30:01.080000,564137,1511,226897,9.11,NQEX,12544
DNB,20250717 09:30:01.080000,564136,2500,225386,9.11,NQEX,12544
DNB,20250717 09:30:01.080000,564135,2500,222886,9.11,NQEX,12544
DNB,20250717 09:30:01.080000,564134,2500,220386,9.11,NQEX,12544
DNB,20250717 09:30:01.080000,564133,2500,217886,9.11,NQEX,12544
DNB,20250717 09:30:01.080000,564104,2500,213461,9.11,EDGX,12639
DNB,20250717 09:30:01.080000,564067,2500,189506,9.11,PACF,12610
DNB,20250717 09:30:01.080000,564068,2500,192006,9.11,PACF,12639
DNB,20250717 09:30:01.080000,564074,200,193206,9.11,PACF,12639
DNB,20250717 09:30:01.080000,564075,200,193406,9.11,PACF,12639
DNB,20250717 09:30:01.080000,564076,200,193606,9.11,PACF,12639
DNB,20250717 09:30:01.080000,564077,300,193906,9.11,PACF,12639
DNB,20250717 09:30:01.080000,564081,800,194706,9.11,CHIC,12639
DNB,20250717 09:30:01.080000,564082,10000,204706,9.11,CHIC,12639
DNB,20250717 09:30:01.080000,564085,300,205006,9.11,PACF,12544
DNB,20250717 09:30:01.080000,564103,2500,210961,9.11,EDGX,12639
DNB,20250717 09:30:01.080000,564073,200,193006,9.11,PACF,12639
DNB,20250717 09:30:01.080000,564070,200,192406,9.11,PACF,12639
DNB,20250717 09:30:01.080000,564100,161,205761,9.11,BATS,12639
DNB,20250717 09:30:01.080000,564071,200,192606,9.11,PACF,12639
DNB,20250717 09:30:01.080000,564072,200,192806,9.11,PACF,12639
DNB,20250717 09:30:01.080000,564098,200,205400,9.11,MEMX,12639
DNB,20250717 09:30:01.080000,564101,2500,208261,9.11,EDGX,12639
DNB,20250717 09:30:01.080000,564097,194,205200,9.11,BATS,12639
DNB,20250717 09:30:01.080000,564102,200,208461,9.11,BATS,12639
DNB,20250717 09:30:01.080000,564099,200,205600,9.11,BATS,12639
DNB,20250717 09:30:01.081000,564148,5000,238086,9.11,NQEX,12639
DNB,20250717 09:30:01.081000,564150,200,238486,9.11,NQEX,12639
DNB,20250717 09:30:01.081000,564153,2500,252797,9.11,NQEX,12610
DNB,20250717 09:30:01.081000,564154,304,253101,9.11,NQEX,12639
DNB,20250717 09:30:01.081000,564156,51,253152,9.11,NQEX,12659
DNB,20250717 09:30:01.081000,564151,11811,250297,9.11,NQEX,12639
DNB,20250717 09:30:01.081000,564147,2500,233086,9.11,NQEX,12639
DNB,20250717 09:30:01.081000,564149,200,238286,9.11,NQEX,12639
DNB,20250717 09:30:01.081000,564145,2500,230586,9.11,NQEX,12639
DNB,20250717 09:30:01.141000,565686,17885,271037,9.11,NYSE,12544
DNB,20250717 09:30:01.190000,567190,200,271537,9.11,NQEX,12639
DNB,20250717 09:30:01.190000,567183,300,271337,9.11,BATS,12639
DNB,20250717 09:30:01.190000,567197,164,271788,9.11,EDGX,12639
DNB,20250717 09:30:01.190000,567196,36,271624,9.11,EDGX,12659
DNB,20250717 09:30:01.190000,567191,51,271588,9.11,NQEX,12659
DNB,20250717 09:30:01.597000,578721,1280,273068,9.11,NQNX,12544
DNB,20250717 09:30:01.605000,578914,1000,274068,9.11,NQNX,12544
DNB,20250717 09:30:01.613000,579048,900,274968,9.11,NQNX,12544
DNB,20250717 09:30:01.753000,581965,1,274969,9.11,NQNX,12640
DNB,20250717 09:30:01.768000,582203,8210,283179,9.11,NYSE,12544
DNB,20250717 09:30:01.798000,582774,200,283379,9.11,NQNX,12544
DNB,20250717 09:30:01.837000,583854,300,283679,9.11,NQNX,12544
DNB,20250717 09:30:02.354000,603094,1000,284679,9.11,NQNX,12544
DNB,20250717 09:30:03.045000,621828,1,284680,9.11,NQNX,12640
DNB,20250717 09:30:03.117000,623502,1,284681,9.11,NQNX,12640
DNB,20250717 09:30:03.362000,628347,13,284694,9.11,IEX,12659
DNB,20250717 09:30:03.379000,628611,1,284695,9.11,NQNX,12659
DNB,20250717 09:30:03.811000,636416,197,284892,9.11,IEX,12544
DNB,20250717 09:30:05.931000,652793,300,285192,9.11,NQNX,12544
DNB,20250717 09:30:07.709000,663995,300,285492,9.11,NQNX,12544
DNB,20250717 09:30:09.158000,667877,300,285792,9.11,NQNX,12544
DNB,20250717 09:30:11.994000,686849,300,286092,9.11,NQNX,12544
DNB,20250717 09:30:13.540000,694367,300,286392,9.11,NQNX,12544
DNB,20250717 09:30:13.588000,694564,449,286841,9.11,NTRF,12544
DNB,20250717 09:30:15.363000,700951,300,287141,9.11,NQNX,12544
DNB,20250717 09:30:15.402000,701297,449,287590,9.11,NTRF,12544
DNB,20250717 09:30:18.510000,711398,222,287812,9.11,NQNX,12640
DNB,20250717 09:30:19.858000,714914,1,287813,9.11,NQNX,12659
DNB,20250717 09:30:31.334000,746871,1,287814,9.11,BATS,12659
DNB,20250717 09:30:33.082000,752655,100,287914,9.11,NQEX,12544
DNB,20250717 09:30:33.085000,752657,100,288014,9.11,NQNX,12544
DNB,20250717 09:30:33.086000,752658,165,288179,9.11,NQNX,12544
DNB,20250717 09:30:41.083000,776078,86,288265,9.11,NQNX,12659
DNB,20250717 09:30:41.084000,776082,100,288565,9.11,NQNX,12544
DNB,20250717 09:30:41.084000,776080,100,288465,9.11,NQNX,12544
DNB,20250717 09:30:41.084000,776079,100,288365,9.11,NQNX,12544
DNB,20250717 09:30:49.084000,792823,186,288751,9.11,NQNX,12544
DNB,20250717 09:30:55.047000,810467,182,288944,9.11,NQNX,12544
DNB,20250717 09:30:55.047000,810466,11,288762,9.11,NQNX,12659
DNB,20250717 09:31:00.059000,820327,100,289044,9.11,NQNX,12544
DNB,20250717 09:31:00.059000,820329,293,289337,9.11,NQNX,12544
DNB,20250717 09:31:00.063000,820344,100,289437,9.11,BATY,12544
DNB,20250717 09:31:01.170000,823771,100,289537,9.11,NQNX,12544
DNB,20250717 09:31:05.081000,838377,100,289823,9.11,BATS,12544
DNB,20250717 09:31:05.081000,838375,86,289623,9.11,BATS,12659
DNB,20250717 09:31:05.081000,838376,100,289723,9.11,NQEX,12544
DNB,20250717 09:31:05.082000,838378,100,289923,9.11,NQEX,12544
DNB,20250717 09:31:05.656000,840451,16,289939,9.11,NQNX,12659
DNB,20250717 09:31:06.224000,842142,16,289955,9.11,NQNX,12659
DNB,20250717 09:31:08.953000,850595,14,289969,9.11,NQNX,12659
DNB,20250717 09:31:09.370000,852414,140,290109,9.11,NQNX,12544
DNB,20250717 09:31:09.854000,853375,14,290123,9.11,NQNX,12659
DNB,20250717 09:31:10.770000,856562,40,290163,9.11,NQNX,12659
DNB,20250717 09:31:10.937000,856850,14,290177,9.11,NQNX,12659
DNB,20250717 09:31:11.268000,858673,16,290225,9.11,NQNX,12659
DNB,20250717 09:31:11.268000,858678,14,290297,9.11,NQNX,12659
DNB,20250717 09:31:11.268000,858677,14,290283,9.11,NQNX,12659
DNB,20250717 09:31:11.268000,858676,14,290269,9.11,NQNX,12659
DNB,20250717 09:31:11.268000,858675,14,290255,9.11,NQNX,12659
DNB,20250717 09:31:11.268000,858672,16,290209,9.11,NQNX,12659
DNB,20250717 09:31:11.268000,858671,16,290193,9.11,NQNX,12659
DNB,20250717 09:31:11.268000,858674,16,290241,9.11,NQNX,12659
DNB,20250717 09:31:11.268000,858681,14,290311,9.11,NQNX,12659
DNB,20250717 09:31:11.856000,860763,15,290326,9.11,NQNX,12659
DNB,20250717 09:31:12.481000,863222,600,290926,9.11,NQNX,12544
DNB,20250717 09:31:13.145000,864951,15,290941,9.11,NQNX,12659
DNB,20250717 09:31:13.483000,866031,100,291041,9.11,NQNX,12544
DNB,20250717 09:31:13.484000,866032,100,291141,9.11,NQNX,12544
DNB,20250717 09:31:13.484000,866033,106,291247,9.11,NQNX,12544
DNB,20250717 09:31:13.484000,866034,100,291347,9.11,NQNX,12544
DNB,20250717 09:31:13.990000,867318,15,291362,9.11,NQNX,12659
DNB,20250717 09:31:13.990000,867321,15,291407,9.11,NQNX,12659
DNB,20250717 09:31:13.990000,867320,15,291392,9.11,NQNX,12659
DNB,20250717 09:31:13.990000,867322,60,291467,9.11,NQNX,12659
DNB,20250717 09:31:13.990000,867319,15,291377,9.11,NQNX,12659
DNB,20250717 09:31:15.042000,870933,30,291497,9.11,NQNX,12659
DNB,20250717 09:31:16.208000,874225,900,292397,9.11,NQNX,12544
DNB,20250717 09:31:17.029000,876172,15,292412,9.11,NTRF,12659
DNB,20250717 09:31:17.970000,878824,15,292427,9.11,NQNX,12659
DNB,20250717 09:31:20.311000,886021,15,292442,9.11,NQNX,12659
DNB,20250717 09:31:20.786000,886951,45,292487,9.11,NQNX,12659
DNB,20250717 09:31:22.896000,893123,100,292587,9.11,NQEX,12544
DNB,20250717 09:31:22.898000,893164,100,292742,9.11,NQNX,12544
DNB,20250717 09:31:22.898000,893159,55,292642,9.11,NQNX,12659
DNB,20250717 09:31:22.899000,893176,100,292942,9.11,NQNX,12544
DNB,20250717 09:31:22.899000,893174,89,292842,9.11,NQNX,12659
DNB,20250717 09:31:22.899000,893170,11,292753,9.11,NQNX,12659
DNB,20250717 09:31:24.444000,896770,15,292957,9.11,NQNX,12659
DNB,20250717 09:31:25.004000,898966,15,292972,9.11,NQNX,12659
DNB,20250717 09:31:26.632000,903035,15,292987,9.11,NQNX,12659
DNB,20250717 09:31:27.133000,904479,15,293002,9.11,NQNX,12659
DNB,20250717 09:31:29.633000,911516,15,293017,9.11,NQNX,12659
DNB,20250717 09:31:29.633000,911517,15,293032,9.11,NQNX,12659
DNB,20250717 09:31:29.633000,911518,15,293047,9.11,NQNX,12659
DNB,20250717 09:31:29.633000,911519,15,293062,9.11,NQNX,12659
DNB,20250717 09:31:29.633000,911520,15,293077,9.11,NQNX,12659
DNB,20250717 09:31:29.633000,911521,15,293092,9.11,NQNX,12659
DNB,20250717 09:31:29.634000,911523,15,293107,9.11,NQNX,12659
DNB,20250717 09:31:30.971000,915088,100,293496,9.11,NQEX,12544
DNB,20250717 09:31:30.971000,915087,100,293396,9.11,BATS,12544
DNB,20250717 09:31:30.971000,915084,89,293196,9.11,BATS,12659
DNB,20250717 09:31:30.971000,915086,100,293296,9.11,NQEX,12544
DNB,20250717 09:31:32.133000,919000,45,293541,9.11,NQNX,12659
DNB,20250717 09:31:38.971000,940631,87,293628,9.11,BATS,12659
DNB,20250717 09:31:38.971000,940632,100,293728,9.11,NQEX,12544
DNB,20250717 09:31:38.971000,940633,100,293828,9.11,BATS,12544
DNB,20250717 09:31:38.971000,940634,100,293928,9.11,NQEX,12544
DNB,20250717 09:31:39.605000,942084,15,293943,9.11,NQNX,12659
DNB,20250717 09:31:42.329000,948807,15,293958,9.11,NQNX,12659
DNB,20250717 09:31:42.815000,949893,15,293973,9.11,NQNX,12659
DNB,20250717 09:31:43.265000,951127,16,293989,9.11,NQNX,12659
DNB,20250717 09:31:44.223000,954162,45,294034,9.11,NQNX,12659
DNB,20250717 09:31:46.971000,962586,286,294420,9.11,NQEX,12544
DNB,20250717 09:31:46.971000,962585,100,294134,9.11,NQEX,12544
DNB,20250717 09:31:48.541000,966492,15,294435,9.11,NQNX,12659
DNB,20250717 09:31:50.447000,971297,15,294450,9.11,NQNX,12659
DNB,20250717 09:31:51.946000,975435,38,294488,9.11,NQEX,12659
DNB,20250717 09:31:54.845000,982103,15,294503,9.11,NQNX,12659
DNB,20250717 09:31:56.014000,984534,45,294548,9.11,NQNX,12659
DNB,20250717 09:31:56.015000,984538,100,294663,9.11,NQEX,12544
DNB,20250717 09:31:56.015000,984537,15,294563,9.11,NQNX,12659
DNB,20250717 09:31:56.015000,984540,15,294693,9.11,NQNX,12659
DNB,20250717 09:31:56.015000,984539,15,294678,9.11,NQNX,12659
DNB,20250717 09:31:56.016000,984541,336,295029,9.11,NQEX,12544
DNB,20250717 09:32:01.150000,999210,45,295074,9.11,NQNX,12659
DNB,20250717 09:32:03.017000,1005697,15,295089,9.11,NQNX,12659
DNB,20250717 09:32:03.533000,1007440,15,295104,9.11,NQNX,12659
DNB,20250717 09:32:04.319000,1011075,15,295119,9.11,NQNX,12659
DNB,20250717 09:32:04.886000,1012894,15,295134,9.11,NQNX,12659
DNB,20250717 09:32:05.222000,1014369,140,295274,9.11,NQNX,12544
DNB,20250717 09:32:05.427000,1015242,15,295289,9.11,NQNX,12659
DNB,20250717 09:32:05.428000,1015248,355,295744,9.11,NQEX,12544
DNB,20250717 09:32:05.428000,1015247,100,295389,9.11,NQEX,12544
DNB,20250717 09:32:09.934000,1026726,75,295819,9.11,NQNX,12659
DNB,20250717 09:32:14.950000,1039203,359,296278,9.11,NYSE,12544
DNB,20250717 09:32:14.950000,1039202,100,295919,9.11,NYSE,12544
DNB,20250717 09:32:16.078000,1041978,15,296293,9.11,NQNX,12659
DNB,20250717 09:32:18.492000,1048168,15,296308,9.11,NQNX,12659
DNB,20250717 09:32:19.964000,1051186,15,296323,9.11,NQNX,12659
DNB,20250717 09:32:21.071000,1053868,15,296338,9.11,NQNX,12659
DNB,20250717 09:32:21.585000,1055339,15,296353,9.11,NQNX,12659
DNB,20250717 09:32:22.158000,1057626,15,296368,9.11,NQNX,12659
DNB,20250717 09:32:22.980000,1060600,60,296428,9.11,NQNX,12659
DNB,20250717 09:32:22.980000,1060601,60,296488,9.11,NQNX,12659
DNB,20250717 09:32:24.979000,1066119,100,296688,9.11,NQEX,12544
DNB,20250717 09:32:24.979000,1066118,100,296588,9.11,BATS,12544
DNB,20250717 09:32:24.980000,1066120,100,296788,9.11,BATS,12544
DNB,20250717 09:32:24.980000,1066121,184,296972,9.11,NQEX,12544
DNB,20250717 09:32:25.666000,1068538,5674,303434,9.11,NQNX,12544
DNB,20250717 09:32:25.666000,1068537,788,297760,9.11,NQNX,12544
DNB,20250717 09:32:25.928000,1069824,788,304222,9.11,NQNX,12544
DNB,20250717 09:32:27.657000,1074287,15,304237,9.11,NQNX,12659
DNB,20250717 09:32:29.071000,1078763,15,304252,9.11,NQNX,12659
DNB,20250717 09:32:29.071000,1078764,15,304267,9.11,NQNX,12659
DNB,20250717 09:32:30.843000,1083027,15,304282,9.11,NQNX,12659
DNB,20250717 09:32:31.902000,1085738,15,304297,9.11,NQNX,12659
DNB,20250717 09:32:33.072000,1088939,100,304489,9.11,NQEX,12544
DNB,20250717 09:32:33.072000,1088938,92,304389,9.11,BATS,12659
DNB,20250717 09:32:33.073000,1088942,100,304689,9.11,NQEX,12544
DNB,20250717 09:32:33.073000,1088940,100,304589,9.11,BATS,12544
DNB,20250717 09:32:34.074000,1092888,37,304726,9.11,NQEX,12659
DNB,20250717 09:32:34.747000,1096542,15,304741,9.11,NQNX,12659
DNB,20250717 09:32:36.008000,1102717,15,304756,9.11,NQNX,12659
DNB,20250717 09:32:36.353000,1103747,30,304786,9.11,NQNX,12659
DNB,20250717 09:32:36.353000,1103748,30,304816,9.11,NQNX,12659
DNB,20250717 09:32:40.040000,1119408,4354,309170,9.11,NQEX,12544
DNB,20250717 09:32:40.040000,1119409,1444,310614,9.11,NYSE,12544
DNB,20250717 09:32:41.041000,1122604,84,310698,9.11,BATS,12659
DNB,20250717 09:32:41.041000,1122605,100,310798,9.11,NQEX,12544
DNB,20250717 09:32:41.042000,1122606,100,310898,9.11,BATS,12544
DNB,20250717 09:32:41.042000,1122608,100,310998,9.11,NQEX,12544
DNB,20250717 09:32:49.042000,1145317,87,311085,9.11,BATS,12659
DNB,20250717 09:32:49.043000,1145318,100,311185,9.11,NQEX,12544
DNB,20250717 09:32:49.043000,1145319,100,311285,9.11,BATS,12544
DNB,20250717 09:32:49.043000,1145320,100,311385,9.11,NQEX,12544
DNB,20250717 09:32:49.247000,1145871,17,311402,9.11,NQNX,12659
DNB,20250717 09:32:57.105000,1166240,89,311491,9.11,BATS,12659
DNB,20250717 09:32:57.106000,1166242,100,311691,9.11,BATS,12544
DNB,20250717 09:32:57.106000,1166244,100,311791,9.11,NQEX,12544
DNB,20250717 09:32:57.106000,1166241,100,311591,9.11,NQEX,12544
DNB,20250717 09:33:07.109000,1198315,100,311891,9.11,BATS,12544
DNB,20250717 09:33:07.110000,1198316,100,311991,9.11,NQEX,12544
DNB,20250717 09:33:07.110000,1198318,182,312273,9.11,NQEX,12544
DNB,20250717 09:33:07.110000,1198317,100,312091,9.11,BATS,12544
DNB,20250717 09:33:09.063000,1203566,100,312373,9.11,NQNX,12544
DNB,20250717 09:33:17.109000,1222907,29,312441,9.11,BATS,12659
DNB,20250717 09:33:17.109000,1222908,100,312541,9.11,NQEX,12544
DNB,20250717 09:33:17.109000,1222906,39,312412,9.11,NQEX,12659
DNB,20250717 09:33:17.110000,1222909,355,312896,9.11,NQEX,12544
DNB,20250717 09:33:18.289000,1227439,300,313196,9.11,NQNX,12544
DNB,20250717 09:33:18.388000,1227620,449,313645,9.11,NTRF,12544
DNB,20250717 09:33:19.826000,1231149,20,313665,9.11,BATY,12659
DNB,20250717 09:33:19.826000,1231150,80,313745,9.11,BATY,12659
DNB,20250717 09:33:19.856000,1231190,449,314194,9.11,NTRF,12544
DNB,20250717 09:33:25.873000,1246654,100,314394,9.11,NQEX,12544
DNB,20250717 09:33:25.873000,1246655,100,314494,9.11,BATS,12544
DNB,20250717 09:33:25.873000,1246658,122,314616,9.11,NQEX,12544
DNB,20250717 09:33:25.873000,1246653,100,314294,9.11,BATS,12544
DNB,20250717 09:33:26.466000,1247970,1,314617,9.11,NYSE,12659
DNB,20250717 09:33:31.208000,1260759,500,315117,9.11,NQNX,12544
DNB,20250717 09:33:36.223000,1273831,100,315417,9.11,NQEX,12544
DNB,20250717 09:33:36.223000,1273829,100,315217,9.11,BATS,12544
DNB,20250717 09:33:36.223000,1273832,100,315517,9.11,BATS,12544
DNB,20250717 09:33:36.223000,1273830,100,315317,9.11,PACF,12544
DNB,20250717 09:33:36.224000,1273833,100,315617,9.11,NQEX,12544
DNB,20250717 09:33:46.262000,1300079,100,315717,9.11,BATS,12544
DNB,20250717 09:33:46.263000,1300082,100,315817,9.11,NQEX,12544
DNB,20250717 09:33:46.263000,1300085,185,316102,9.11,NQEX,12544
DNB,20250717 09:33:46.263000,1300083,100,315917,9.11,BATS,12544
DNB,20250717 09:33:49.567000,1310827,1,316103,9.11,NQNX,12659
DNB,20250717 09:33:55.229000,1323663,17,316120,9.11,NQNX,12659
DNB,20250717 09:33:55.229000,1323669,100,316220,9.11,BATS,12544
DNB,20250717 09:33:55.230000,1323672,133,316553,9.11,NQEX,12544
DNB,20250717 09:33:55.230000,1323671,100,316420,9.11,BATS,12544
DNB,20250717 09:33:55.230000,1323670,100,316320,9.11,NQEX,12544
DNB,20250717 09:33:58.210000,1330328,300,316853,9.11,NQNX,12544
DNB,20250717 09:33:58.295000,1330634,449,317302,9.11,NTRF,12544
DNB,20250717 09:34:01.209000,1337716,300,317602,9.11,NQNX,12544
DNB,20250717 09:34:01.210000,1337719,39,317641,9.11,NQEX,12659
DNB,20250717 09:34:04.429000,1347092,300,317941,9.11,NQNX,12544
DNB,20250717 09:34:04.520000,1347302,449,318390,9.11,NTRF,12544
DNB,20250717 09:34:05.816000,1350666,449,318839,9.11,NTRF,12544
DNB,20250717 09:34:09.317000,1359906,100,318939,9.11,BATS,12544
DNB,20250717 09:34:09.318000,1359907,100,319039,9.11,NQEX,12544
DNB,20250717 09:34:09.318000,1359909,100,319139,9.11,BATS,12544
DNB,20250717 09:34:09.318000,1359913,36,319275,9.11,NQEX,12659
DNB,20250717 09:34:09.318000,1359912,100,319239,9.11,NQEX,12544
DNB,20250717 09:34:14.081000,1370802,200,319475,9.11,NYSE,12544
DNB,20250717 09:34:14.086000,1370807,300,319775,9.11,NQNX,12544
DNB,20250717 09:34:14.115000,1370861,449,320224,9.11,NTRF,12544
DNB,20250717 09:34:14.448000,1371689,100,320324,9.11,NQNX,12544
DNB,20250717 09:34:16.471000,1376930,1,320325,9.11,EDGE,12659
DNB,20250717 09:34:19.960000,1385681,300,320625,9.11,NQNX,12544
DNB,20250717 09:34:20.069000,1385989,449,321074,9.11,NTRF,12544
DNB,20250717 09:34:21.350000,1388761,449,321523,9.11,NTRF,12544
DNB,20250717 09:34:22.592000,1392216,300,321823,9.11,NQNX,12544
DNB,20250717 09:34:22.642000,1392875,449,322272,9.11,NTRF,12544
DNB,20250717 09:34:25.655000,1399987,129,322401,9.11,NQNX,12544
DNB,20250717 09:34:29.138000,1407728,57,322458,9.11,BATS,12659
DNB,20250717 09:34:29.139000,1407732,100,322758,9.11,NQEX,12544
DNB,20250717 09:34:29.139000,1407730,100,322658,9.11,BATS,12544
DNB,20250717 09:34:29.139000,1407729,100,322558,9.11,NQEX,12544
DNB,20250717 09:34:31.476000,1413234,1,322759,9.11,EDGE,12659
DNB,20250717 09:34:39.280000,1431305,17,322776,9.11,NQNX,12659
DNB,20250717 09:34:42.368000,1437537,37,322813,9.11,NQEX,12659
DNB,20250717 09:34:45.475000,1443929,1,322814,9.11,EDGE,12659
DNB,20250717 09:34:51.667000,1457462,20,322834,9.11,CINC,12659
DNB,20250717 09:34:55.710000,1464439,134,322968,9.11,NQNX,12544
DNB,20250717 09:35:00.463000,1475756,1,322969,9.11,EDGE,12659
DNB,20250717 09:35:01.732000,1479902,96,323065,9.11,EDGE,12659
DNB,20250717 09:35:01.733000,1479912,2923,330380,9.11,BATS,12544
DNB,20250717 09:35:01.733000,1479914,100,330480,9.11,NQEX,12544
DNB,20250717 09:35:01.733000,1479907,1463,324528,9.11,NQEX,12544
DNB,20250717 09:35:01.733000,1479909,2892,327457,9.11,NQEX,12544
DNB,20250717 09:35:01.733000,1479908,37,324565,9.11,NQEX,12659
DNB,20250717 09:35:01.734000,1479915,405,330885,9.11,NQEX,12544
DNB,20250717 09:35:01.735000,1479917,146619,480424,9.11,NYSE,12639
DNB,20250717 09:35:01.735000,1479918,100,480524,9.11,NQEX,12544
DNB,20250717 09:35:01.735000,1479916,2920,333805,9.11,NYSE,12639
DNB,20250717 09:35:02.172000,1481164,5731,486255,9.11,NYSE,12639
DNB,20250717 09:35:02.182000,1481172,11,486266,9.11,NQNX,12659
DNB,20250717 09:35:02.182000,1481173,100,486366,9.11,NQNX,12544
DNB,20250717 09:35:02.183000,1481179,96,486462,9.11,IEX,12659
DNB,20250717 09:35:02.183000,1481180,1011,487473,9.11,IEX,12544
DNB,20250717 09:35:15.467000,1519007,1,487474,9.11,IEX,12659
DNB,20250717 09:35:25.781000,1546896,1,487475,9.11,NQNX,12659
DNB,20250717 09:35:25.781000,1546897,11,487486,9.11,NQNX,12659
DNB,20250717 09:35:25.782000,1546899,27,487513,9.11,NQNX,12659
DNB,20250717 09:35:31.648000,1561869,200,487713,9.11,NQNX,12544
DNB,20250717 09:35:45.392000,1597406,17,487730,9.11,NQNX,12659
DNB,20250717 09:36:01.604000,1638016,200,487930,9.11,NQNX,12544
DNB,20250717 09:36:03.481000,1643352,1,487931,9.11,IEX,12659
DNB,20250717 09:36:08.185000,1658508,38,487969,9.11,NQNX,12659
DNB,20250717 09:36:20.535000,1689634,20,487989,9.11,IEX,12659
DNB,20250717 09:36:43.149000,1741758,1,487990,9.11,NQNX,12659
DNB,20250717 09:36:43.483000,1742843,1,487991,9.11,IEX,12659
DNB,20250717 09:36:51.404000,1760457,17,488008,9.11,NQNX,12659
DNB,20250717 09:36:55.952000,1769880,42,488050,9.11,NQNX,12659
DNB,20250717 09:37:28.499000,1841535,1,488051,9.11,IEX,12659
DNB,20250717 09:37:35.624000,1856404,17,488068,9.11,NQNX,12659
DNB,20250717 09:37:40.091000,1865776,1,488069,9.11,NQNX,12659
DNB,20250717 09:37:40.094000,1865779,11,488080,9.11,NQNX,12659
DNB,20250717 09:37:40.094000,1865781,29,488109,9.11,NQNX,12659
DNB,20250717 09:38:16.532000,1937621,200,488309,9.11,NQNX,12544
DNB,20250717 09:38:21.927000,1949387,37,488346,9.11,NQNX,12659
DNB,20250717 09:38:41.347000,1990448,17,488363,9.11,NQNX,12659
DNB,20250717 09:38:49.335000,2005336,600,488963,9.11,EDGE,12544
DNB,20250717 09:38:49.336000,2005338,600,489563,9.11,NQEX,12544
DNB,20250717 09:38:49.338000,2005344,1000,490563,9.11,NYSE,12639
DNB,20250717 09:38:49.338000,2005346,900,655634,9.11,PACF,12544
DNB,20250717 09:38:49.338000,2005347,150,655784,9.11,PACF,12544
DNB,20250717 09:38:49.338000,2005349,200,655984,9.11,BATY,12639
DNB,20250717 09:38:49.338000,2005345,164171,654734,9.11,NYSE,12639
DNB,20250717 09:38:49.339000,2005350,800,656784,9.11,BATY,12544
DNB,20250717 09:38:49.339000,2005351,150,656934,9.11,NQEX,12544
DNB,20250717 09:38:49.341000,2005353,11,656945,9.11,NQNX,12659
DNB,20250717 09:38:49.342000,2005354,90,657035,9.11,NQNX,12659
DNB,20250717 09:38:49.348000,2005365,82518,739553,9.11,NYSE,12639
DNB,20250717 09:38:49.348000,2005366,2523,742076,9.11,NQEX,12639
DNB,20250717 09:38:49.358000,2005372,812,742888,9.11,IEX,12544
DNB,20250717 09:38:49.749000,2006086,100,742988,9.11,NYSE,12544
DNB,20250717 09:39:31.804000,2088019,1001,743989,9.11,NYSE,12544
DNB,20250717 09:39:31.804000,2088020,1100,745089,9.11,NYSE,12544
DNB,20250717 09:39:31.815000,2088025,100,745189,9.11,NQNX,12544
DNB,20250717 09:39:31.816000,2088026,692,745881,9.11,NQNX,12544
DNB,20250717 09:39:31.913000,2088204,2238,755077,9.11,NYSE,12544
DNB,20250717 09:39:31.913000,2088205,1472,756549,9.11,NYSE,12544
DNB,20250717 09:39:31.913000,2088202,700,752834,9.11,IEX,12544
DNB,20250717 09:39:31.913000,2088201,300,752134,9.11,IEX,12544
DNB,20250717 09:39:31.913000,2088203,5,752839,9.11,IEX,12659
DNB,20250717 09:39:31.913000,2088200,5000,751834,9.11,IEX,12544
DNB,20250717 09:39:31.913000,2088199,853,746834,9.11,IEX,12544
DNB,20250717 09:39:31.913000,2088197,100,745981,9.11,NQNX,12544
DNB,20250717 09:39:31.914000,2088235,2500,839778,9.11,EDGX,12544
DNB,20250717 09:39:31.914000,2088236,200,839978,9.11,EDGX,12544
DNB,20250717 09:39:31.914000,2088237,300,840278,9.11,PACF,12544
DNB,20250717 09:39:31.914000,2088238,300,840578,9.11,BATS,12544
DNB,20250717 09:39:31.914000,2088239,200,840778,9.11,NQEX,12544
DNB,20250717 09:39:31.914000,2088240,300,841078,9.11,PACF,12544
DNB,20250717 09:39:31.914000,2088241,200,841278,9.11,EDGX,12544
DNB,20250717 09:39:31.914000,2088242,164,841442,9.11,NQEX,12544
DNB,20250717 09:39:31.914000,2088234,2500,837278,9.11,EDGX,12544
DNB,20250717 09:39:31.914000,2088244,300,841742,9.11,BATS,12544
DNB,20250717 09:39:31.914000,2088245,200,841942,9.11,EDGX,12544
DNB,20250717 09:39:31.914000,2088246,300,842242,9.11,BATS,12544
DNB,20250717 09:39:31.914000,2088233,90,834778,9.11,NQEX,12659
DNB,20250717 09:39:31.914000,2088217,2500,793291,9.11,NQEX,12544
DNB,20250717 09:39:31.914000,2088216,3800,790791,9.11,EDGE,12544
DNB,20250717 09:39:31.914000,2088215,200,786991,9.11,NQEX,12544
DNB,20250717 09:39:31.914000,2088214,4815,786791,9.11,NQEX,12544
DNB,20250717 09:39:31.914000,2088213,4577,781976,9.11,CHIC,12544
DNB,20250717 09:39:31.914000,2088219,12817,808608,9.11,EDGE,12544
DNB,20250717 09:39:31.914000,2088211,2500,775899,9.11,PACF,12544
DNB,20250717 09:39:31.914000,2088210,9000,773399,9.11,CHIC,12544
DNB,20250717 09:39:31.914000,2088209,2500,764399,9.11,PACF,12544
DNB,20250717 09:39:31.914000,2088208,2500,761899,9.11,PACF,12544
DNB,20250717 09:39:31.914000,2088207,2700,759399,9.11,PACF,12544
DNB,20250717 09:39:31.914000,2088212,1500,777399,9.11,CHIC,12544
DNB,20250717 09:39:31.914000,2088218,2500,795791,9.11,NQEX,12544
DNB,20250717 09:39:31.914000,2088232,2500,834688,9.11,EDGX,12544
DNB,20250717 09:39:31.914000,2088231,10500,832188,9.11,BATS,12544
DNB,20250717 09:39:31.914000,2088230,100,821688,9.11,NQEX,12544
DNB,20250717 09:39:31.914000,2088229,300,821588,9.11,BATS,12544
DNB,20250717 09:39:31.914000,2088228,2500,821288,9.11,EDGX,12544
DNB,20250717 09:39:31.914000,2088227,100,818788,9.11,NQEX,12544
DNB,20250717 09:39:31.914000,2088220,2500,811108,9.11,NQEX,12544
DNB,20250717 09:39:31.914000,2088225,200,818088,9.11,EDGX,12544
DNB,20250717 09:39:31.914000,2088226,600,818688,9.11,NQEX,12544
DNB,20250717 09:39:31.914000,2088224,2500,817888,9.11,NQEX,12544
DNB,20250717 09:39:31.914000,2088221,2500,813608,9.11,NQEX,12544
DNB,20250717 09:39:31.914000,2088222,1500,815108,9.11,MEMX,12544
DNB,20250717 09:39:31.914000,2088206,150,756699,9.11,PACF,12544
DNB,20250717 09:39:31.914000,2088223,280,815388,9.11,MEMX,12544
DNB,20250717 09:39:31.915000,2088247,200,842442,9.11,EDGX,12544
DNB,20250717 09:39:31.915000,2088248,300,842742,9.11,BATS,12544
DNB,20250717 09:39:31.923000,2088270,1000,844927,9.11,NQEX,12544
DNB,20250717 09:39:31.923000,2088269,200,843927,9.11,EDGX,12544
DNB,20250717 09:39:31.923000,2088267,200,843726,9.11,EDGX,12544
DNB,20250717 09:39:31.923000,2088265,10,843526,9.11,NYSE,12659
DNB,20250717 09:39:31.923000,2088268,1,843727,9.11,NQEX,12659
DNB,20250717 09:39:31.923000,2088264,200,843516,9.11,EDGX,12544
DNB,20250717 09:39:31.923000,2088261,11,842753,9.11,NQNX,12659
DNB,20250717 09:39:31.923000,2088262,217,842970,9.11,BATS,12544
DNB,20250717 09:39:31.923000,2088263,346,843316,9.11,EDGE,12544
DNB,20250717 09:39:31.932000,2088275,6528,851455,9.11,EDGE,12544
DNB,20250717 09:39:31.932000,2088276,423,851878,9.11,CHIC,12639
DNB,20250717 09:39:31.932000,2088277,309,852187,9.11,EDGE,12639
DNB,20250717 09:39:31.933000,2088278,5,852192,9.11,NQNX,12659
DNB,20250717 09:39:32.194000,2088643,100,852292,9.1,NYSE,12544
DNB,20250717 09:39:32.209000,2088661,200,852492,9.1,NQNX,12544
DNB,20250717 09:39:42.653000,2108311,72,852564,9.1,NQNX,12659
DNB,20250717 09:39:44.213000,2111469,100,852664,9.1,NQNX,12544
DNB,20250717 09:39:44.213000,2111470,280,852944,9.1,NQNX,12544
DNB,20250717 09:39:47.566000,2118063,17,852961,9.1,NQNX,12659
DNB,20250717 09:39:54.885000,2134531,100,853061,9.1,NQNX,12544
DNB,20250717 09:39:55.477000,2135770,100,853161,9.1,NQNX,12544
DNB,20250717 09:39:55.999000,2136587,100,853261,9.1,NQNX,12544
DNB,20250717 09:39:56.923000,2139689,11,853272,9.1,NQNX,12659
DNB,20250717 09:39:56.924000,2139693,90,853362,9.1,NQNX,12659
DNB,20250717 09:39:57.390000,2140532,100,853462,9.1,NQNX,12544
DNB,20250717 09:39:57.392000,2140535,5,853467,9.1,NQNX,12659
DNB,20250717 09:39:57.397000,2140563,500,862762,9.1,IEX,12544
DNB,20250717 09:39:57.397000,2140560,1000,861972,9.1,NQEX,12544
DNB,20250717 09:39:57.397000,2140558,200,860872,9.1,NQEX,12544
DNB,20250717 09:39:57.397000,2140559,100,860972,9.1,NQEX,12544
DNB,20250717 09:39:57.397000,2140556,5010,860472,9.1,NYSE,12544
DNB,20250717 09:39:57.397000,2140557,200,860672,9.1,NQEX,12544
DNB,20250717 09:39:57.397000,2140561,90,862062,9.1,NQEX,12659
DNB,20250717 09:39:57.397000,2140555,695,855462,9.1,PACF,12544
DNB,20250717 09:39:57.397000,2140554,300,854767,9.1,PACF,12544
DNB,20250717 09:39:57.397000,2140553,1000,854467,9.1,AMEX,12544
DNB,20250717 09:39:57.397000,2140564,300,863062,9.1,IEX,12544
DNB,20250717 09:39:57.397000,2140562,200,862262,9.1,MIAX,12544
DNB,20250717 09:40:00.620000,2148028,100,866872,9.1,NQEX,12544
DNB,20250717 09:40:00.620000,2148029,164,867036,9.1,NQEX,12544
DNB,20250717 09:40:00.620000,2148027,800,866772,9.1,EDGE,12544
DNB,20250717 09:40:00.620000,2148025,200,865872,9.1,EDGX,12544
DNB,20250717 09:40:00.620000,2148026,100,865972,9.1,EDGX,12544
DNB,20250717 09:40:00.620000,2148024,10,865672,9.1,BATS,12659
DNB,20250717 09:40:00.620000,2148023,300,865662,9.1,BATS,12544
DNB,20250717 09:40:00.620000,2148021,800,865362,9.1,CHIC,12544
DNB,20250717 09:40:00.620000,2148020,1500,864562,9.1,CHIC,12544
DNB,20250717 09:40:01.914000,2151457,100,867136,9.09,NQNX,12544
DNB,20250717 09:40:05.597000,2161194,100,867236,9.09,BATS,12544
DNB,20250717 09:40:05.598000,2161195,447,867683,9.09,BATS,12544
DNB,20250717 09:40:15.565000,2183853,2,867685,9.09,NQNX,12659
DNB,20250717 09:40:22.809000,2198474,92,869377,9.09,EDGX,12659
DNB,20250717 09:40:22.809000,2198470,1500,869185,9.1,NQNX,12544
DNB,20250717 09:40:22.809000,2198473,100,869285,9.09,BATS,12544
DNB,20250717 09:40:22.810000,2198478,100,869577,9.09,BATS,12544
DNB,20250717 09:40:22.810000,2198477,100,869477,9.09,NQEX,12544
DNB,20250717 09:40:22.810000,2198479,100,869677,9.09,NQEX,12544
DNB,20250717 09:40:24.982000,2202001,38,869715,9.09,NQEX,12659
DNB,20250717 09:40:25.001000,2202026,1500,871215,9.1,NQNX,12544
DNB,20250717 09:40:27.521000,2207064,1500,872715,9.1,NQNX,12544
DNB,20250717 09:40:31.913000,2216487,100,872815,9.09,NQEX,12544
DNB,20250717 09:40:32.876000,2218166,500,873315,9.09,NQNX,12544
DNB,20250717 09:40:34.455000,2221324,234,873549,9.1,NQNX,12544
DNB,20250717 09:40:41.936000,2234408,100,873649,9.09,BATS,12544
DNB,20250717 09:40:41.936000,2234410,47,873796,9.09,EDGX,12659
DNB,20250717 09:40:41.936000,2234412,100,873896,9.09,NQEX,12544
DNB,20250717 09:40:41.936000,2234413,100,873996,9.09,BATS,12544
DNB,20250717 09:40:41.936000,2234409,100,873749,9.09,PACF,12544
DNB,20250717 09:40:41.937000,2234416,100,874096,9.09,NQEX,12544
DNB,20250717 09:40:53.495000,2255391,17,874113,9.09,NQNX,12659
DNB,20250717 09:41:02.004000,2272385,100,874488,9.09,NQEX,12544
DNB,20250717 09:41:02.004000,2272386,100,874588,9.09,BATS,12544
DNB,20250717 09:41:02.004000,2272387,100,874688,9.09,NQEX,12544
DNB,20250717 09:41:02.004000,2272384,75,874388,9.09,EDGX,12659
DNB,20250717 09:41:02.004000,2272382,100,874213,9.09,BATS,12544
DNB,20250717 09:41:02.004000,2272383,100,874313,9.09,PACF,12544
DNB,20250717 09:41:12.001000,2296631,42,874730,9.09,NQEX,12659
DNB,20250717 09:41:21.809000,2317848,66,874896,9.09,EDGX,12659
DNB,20250717 09:41:21.809000,2317847,100,874830,9.09,BATS,12544
DNB,20250717 09:41:21.809000,2317849,100,874996,9.09,NQEX,12544
DNB,20250717 09:41:21.810000,2317852,100,875096,9.09,BATS,12544
DNB,20250717 09:41:21.810000,2317853,100,875196,9.09,EDGX,12544
DNB,20250717 09:41:21.810000,2317858,100,875296,9.09,NQEX,12544
DNB,20250717 09:41:37.489000,2351364,13,875309,9.09,NQNX,12659
DNB,20250717 09:41:37.490000,2351371,100,875409,9.09,BATS,12544
DNB,20250717 09:41:37.491000,2351373,349,875758,9.09,BATS,12544
DNB,20250717 09:41:46.024000,2369235,30,875788,9.09,BATS,12659
DNB,20250717 09:41:53.856000,2385361,5000,880788,9.09,NQNX,12544
DNB,20250717 09:41:53.859000,2385365,100,880988,9.09,NQNX,12544
DNB,20250717 09:41:53.859000,2385367,100,881088,9.09,NQNX,12544
DNB,20250717 09:41:53.859000,2385368,68,881156,9.09,NQNX,12659
DNB,20250717 09:41:53.859000,2385364,100,880888,9.09,NQNX,12544
DNB,20250717 09:41:53.860000,2385369,100,881256,9.09,NQNX,12544
DNB,20250717 09:42:00.074000,2398115,35,881291,9.09,EDGX,12659
DNB,20250717 09:42:09.368000,2423823,44,881535,9.09,NQNX,12659
DNB,20250717 09:42:09.368000,2423821,100,881391,9.09,NQNX,12544
DNB,20250717 09:42:09.368000,2423822,100,881491,9.09,NQNX,12544
DNB,20250717 09:42:09.369000,2423837,100,881735,9.09,NQNX,12544
DNB,20250717 09:42:09.369000,2423831,89,881635,9.09,NQNX,12659
DNB,20250717 09:42:09.369000,2423828,11,881546,9.09,NQNX,12659
DNB,20250717 09:42:16.734000,2441468,500,882235,9.09,NQNX,12544
DNB,20250717 09:42:18.962000,2446533,7255,922886,9.1,NYSE,12544
DNB,20250717 09:42:18.962000,2446541,800,951952,9.1,AMEX,12544
DNB,20250717 09:42:18.962000,2446542,4576,956528,9.09,EDGX,12544
DNB,20250717 09:42:18.962000,2446543,9712,966240,9.09,EDGX,12544
DNB,20250717 09:42:18.962000,2446532,20105,915631,9.09,NYSE,12544
DNB,20250717 09:42:18.962000,2446540,9300,951152,9.09,EDGE,12544
DNB,20250717 09:42:18.962000,2446538,800,941652,9.1,CHIC,12544
DNB,20250717 09:42:18.962000,2446534,4576,927462,9.09,BATS,12544
DNB,20250717 09:42:18.962000,2446535,11680,939142,9.09,BATS,12544
DNB,20250717 09:42:18.962000,2446536,1500,940642,9.1,CHIC,12544
DNB,20250717 09:42:18.962000,2446537,210,940852,9.1,BATY,12544
DNB,20250717 09:42:18.962000,2446539,200,941852,9.09,AMEX,12544
DNB,20250717 09:42:18.962000,2446531,105,895526,9.1,MEMX,12544
DNB,20250717 09:42:18.962000,2446529,1100,894921,9.1,MEMX,12544
DNB,20250717 09:42:18.962000,2446528,186,893821,9.1,CINC,12544
DNB,20250717 09:42:18.962000,2446527,9900,893635,9.09,PACF,12544
DNB,20250717 09:42:18.962000,2446526,1500,883735,9.09,PACF,12544
DNB,20250717 09:42:18.962000,2446530,500,895421,9.1,MEMX,12544
DNB,20250717 09:42:18.963000,2446569,6270,1011912,9.1,NQNX,12544
DNB,20250717 09:42:18.963000,2446568,900,1005642,9.1,NQNX,12544
DNB,20250717 09:42:18.963000,2446567,900,1004742,9.1,IEX,12544
DNB,20250717 09:42:18.963000,2446565,2000,1003042,9.1,IEX,12544
DNB,20250717 09:42:18.963000,2446566,800,1003842,9.1,IEX,12544
DNB,20250717 09:42:18.963000,2446570,100,1012012,9.1,IEX,12544
DNB,20250717 09:42:18.963000,2446564,600,1001042,9.1,IEX,12544
DNB,20250717 09:42:18.963000,2446563,1500,1000442,9.1,IEX,12544
DNB,20250717 09:42:18.963000,2446576,1000,1017038,9.09,NQNX,12544
DNB,20250717 09:42:18.963000,2446549,390,985012,9.09,NQEX,12544
DNB,20250717 09:42:18.963000,2446548,11236,984622,9.09,NQEX,12544
DNB,20250717 09:42:18.963000,2446547,4526,973386,9.09,NQEX,12544
DNB,20250717 09:42:18.963000,2446572,2500,1014512,9.1,IEX,12544
DNB,20250717 09:42:18.963000,2446546,1500,968860,9.09,NQEX,12544
DNB,20250717 09:42:18.963000,2446545,30,967360,9.1,BOST,12659
DNB,20250717 09:42:18.963000,2446550,1000,986012,9.1,NQNX,12544
DNB,20250717 09:42:18.963000,2446574,400,1015112,9.1,NQNX,12544
DNB,20250717 09:42:18.963000,2446562,1000,998942,9.1,IEX,12544
DNB,20250717 09:42:18.963000,2446573,200,1014712,9.1,NQNX,12544
DNB,20250717 09:42:18.963000,2446561,100,997942,9.1,IEX,12544
DNB,20250717 09:42:18.963000,2446553,520,988132,9.1,NQNX,12544
DNB,20250717 09:42:18.963000,2446555,3500,994132,9.1,NQNX,12544
DNB,20250717 09:42:18.963000,2446544,1090,967330,9.09,MIAX,12544
DNB,20250717 09:42:18.963000,2446560,700,997842,9.1,NQNX,12544
DNB,20250717 09:42:18.963000,2446552,900,987612,9.1,NQNX,12544
DNB,20250717 09:42:18.963000,2446551,700,986712,9.1,NQNX,12544
DNB,20250717 09:42:18.963000,2446575,926,1016038,9.1,NQNX,12544
DNB,20250717 09:42:18.963000,2446558,900,996142,9.1,NQNX,12544
DNB,20250717 09:42:18.963000,2446556,900,995032,9.1,NQNX,12544
DNB,20250717 09:42:18.963000,2446557,210,995242,9.1,NQNX,12544
DNB,20250717 09:42:18.963000,2446559,1000,997142,9.1,IEX,12544
DNB,20250717 09:42:18.963000,2446554,2500,990632,9.1,NQNX,12544
DNB,20250717 09:42:18.964000,2446617,200,1056707,9.1,NQEX,12544
DNB,20250717 09:42:18.964000,2446618,164,1056871,9.1,NQEX,12544
DNB,20250717 09:42:18.964000,2446616,690,1056507,9.1,MIAX,12639
DNB,20250717 09:42:18.964000,2446620,7210,1064181,9.1,NQNX,12544
DNB,20250717 09:42:18.964000,2446615,300,1055817,9.1,BATS,12639
DNB,20250717 09:42:18.964000,2446614,180,1055517,9.1,NQNX,12544
DNB,20250717 09:42:18.964000,2446613,200,1055337,9.1,EDGX,12544
DNB,20250717 09:42:18.964000,2446612,200,1055137,9.1,EDGX,12639
DNB,20250717 09:42:18.964000,2446611,210,1054937,9.1,NQNX,12544
DNB,20250717 09:42:18.964000,2446619,100,1056971,9.1,NQEX,12544
DNB,20250717 09:42:18.964000,2446577,500,1017538,9.1,MEMX,12544
DNB,20250717 09:42:18.964000,2446596,100,1038542,9.1,BATS,12544
DNB,20250717 09:42:18.964000,2446597,300,1038842,9.1,PACF,12639
DNB,20250717 09:42:18.964000,2446598,2741,1041583,9.1,NQEX,12544
DNB,20250717 09:42:18.964000,2446610,8513,1054727,9.1,NQNX,12544
DNB,20250717 09:42:18.964000,2446609,300,1046214,9.1,BATS,12639
DNB,20250717 09:42:18.964000,2446608,700,1045914,9.1,NQNX,12544
DNB,20250717 09:42:18.964000,2446607,700,1045214,9.1,NQNX,12544
DNB,20250717 09:42:18.964000,2446595,100,1038442,9.1,BATS,12544
DNB,20250717 09:42:18.964000,2446605,1000,1044504,9.1,NQEX,12544
DNB,20250717 09:42:18.964000,2446604,20,1043504,9.1,NQEX,12659
DNB,20250717 09:42:18.964000,2446599,1,1041584,9.1,NQEX,12659
DNB,20250717 09:42:18.964000,2446600,100,1041684,9.1,NQEX,12544
DNB,20250717 09:42:18.964000,2446601,200,1041884,9.1,NQEX,12544
DNB,20250717 09:42:18.964000,2446602,1500,1043384,9.1,NQEX,12544
DNB,20250717 09:42:18.964000,2446603,100,1043484,9.1,NQEX,12544
DNB,20250717 09:42:18.964000,2446606,10,1044514,9.1,NYSE,12659
DNB,20250717 09:42:18.964000,2446578,100,1017638,9.1,MEMX,12544
DNB,20250717 09:42:18.964000,2446579,900,1018538,9.1,BATS,12544
DNB,20250717 09:42:18.964000,2446580,288,1018826,9.1,EDGX,12544
DNB,20250717 09:42:18.964000,2446581,300,1019126,9.1,PACF,12544
DNB,20250717 09:42:18.964000,2446582,1500,1020626,9.1,PACF,12544
DNB,20250717 09:42:18.964000,2446583,800,1021426,9.1,EDGE,12544
DNB,20250717 09:42:18.964000,2446584,200,1021626,9.1,EDGX,12544
DNB,20250717 09:42:18.964000,2446585,400,1022026,9.1,BATS,12544
DNB,20250717 09:42:18.964000,2446594,150,1038342,9.1,BATS,12544
DNB,20250717 09:42:18.964000,2446587,300,1023326,9.1,BATS,12544
DNB,20250717 09:42:18.964000,2446588,900,1024226,9.1,BATS,12544
DNB,20250717 09:42:18.964000,2446589,1000,1025226,9.1,EDGX,12544
DNB,20250717 09:42:18.964000,2446590,100,1025326,9.1,BATS,12544
DNB,20250717 09:42:18.964000,2446591,11360,1036686,9.1,NYSE,12544
DNB,20250717 09:42:18.964000,2446592,6,1036692,9.1,BATS,12659
DNB,20250717 09:42:18.964000,2446593,1500,1038192,9.1,BATS,12544
DNB,20250717 09:42:18.964000,2446586,1000,1023026,9.1,PACF,12544
DNB,20250717 09:42:18.965000,2446622,200,1065081,9.1,NQNX,12544
DNB,20250717 09:42:18.965000,2446621,700,1064881,9.1,NQNX,12544
DNB,20250717 09:42:19.001000,2446656,1500,1066581,9.1,NQEX,12544
DNB,20250717 09:42:23.002000,2454059,100,1066971,9.1,NQEX,12544
DNB,20250717 09:42:23.002000,2454058,100,1066871,9.1,BATS,12544
DNB,20250717 09:42:23.002000,2454053,100,1066771,9.1,NQEX,12544
DNB,20250717 09:42:23.002000,2454052,90,1066671,9.1,BATS,12659
DNB,20250717 09:42:28.744000,2467454,39,1067010,9.1,NQEX,12659
DNB,20250717 09:42:31.914000,2475215,221,1067231,9.1,NQEX,12544
DNB,20250717 09:42:38.661000,2494448,100,1067331,9.1,BATS,12544
DNB,20250717 09:42:38.661000,2494449,48,1067379,9.1,EDGX,12659
DNB,20250717 09:42:38.661000,2494451,100,1067479,9.1,NQEX,12544
DNB,20250717 09:42:38.661000,2494452,100,1067579,9.1,BATS,12544
DNB,20250717 09:42:38.662000,2494457,100,1067679,9.1,NQEX,12544
DNB,20250717 09:42:43.595000,2506516,13,1067692,9.1,NQNX,12659
DNB,20250717 09:42:57.675000,2535412,100,1067892,9.1,PACF,12544
DNB,20250717 09:42:57.675000,2535411,100,1067792,9.1,BATS,12544
DNB,20250717 09:42:57.675000,2535414,44,1067936,9.1,EDGX,12659
DNB,20250717 09:42:57.675000,2535415,100,1068036,9.1,NQEX,12544
DNB,20250717 09:42:57.676000,2535417,100,1068236,9.1,NQEX,12544
DNB,20250717 09:42:57.676000,2535416,100,1068136,9.1,BATS,12544
DNB,20250717 09:43:12.276000,2568154,39,1068275,9.1,NQEX,12659
DNB,20250717 09:43:13.155000,2570165,3,1068278,9.1,NQEX,12659
DNB,20250717 09:43:17.155000,2578289,100,1068378,9.1,PACF,12544
DNB,20250717 09:43:17.155000,2578297,100,1068678,9.1,BATS,12544
DNB,20250717 09:43:17.155000,2578291,100,1068578,9.1,NQEX,12544
DNB,20250717 09:43:17.155000,2578290,100,1068478,9.1,BATS,12544
DNB,20250717 09:43:17.156000,2578303,158,1068836,9.1,NQEX,12544
DNB,20250717 09:43:18.157000,2580472,2,1068838,9.1,NQEX,12659
DNB,20250717 09:43:35.727000,2613466,100,1069269,9.1,BATS,12544
DNB,20250717 09:43:35.727000,2613462,31,1068969,9.1,EDGX,12659
DNB,20250717 09:43:35.727000,2613463,100,1069069,9.1,PACF,12544
DNB,20250717 09:43:35.727000,2613465,100,1069169,9.1,NQEX,12544
DNB,20250717 09:43:35.727000,2613461,100,1068938,9.1,BATS,12544
DNB,20250717 09:43:35.728000,2613467,100,1069369,9.1,NQEX,12544
DNB,20250717 09:43:36.568000,2615586,73,1069442,9.1,NQNX,12659
DNB,20250717 09:43:45.364000,2634283,200,1069642,9.1,NQNX,12544
DNB,20250717 09:43:45.365000,2634289,273,1070142,9.1,NQNX,12544
DNB,20250717 09:43:45.365000,2634288,227,1069869,9.1,NQNX,12544
DNB,20250717 09:43:45.549000,2634612,600,1071350,9.1,NQNX,12544
DNB,20250717 09:43:45.549000,2634611,153,1070750,9.1,NQNX,12544
DNB,20250717 09:43:45.549000,2634610,455,1070597,9.1,NQNX,12544
DNB,20250717 09:43:45.550000,2634617,100,1098390,9.1,BATY,12639
DNB,20250717 09:43:45.550000,2634616,10752,1098290,9.1,NYSE,12639
DNB,20250717 09:43:45.550000,2634618,100,1098490,9.1,BATY,12639
DNB,20250717 09:43:45.550000,2634615,2100,1087538,9.1,NQNX,12544
DNB,20250717 09:43:45.550000,2634620,210,1099300,9.1,BATY,12639
DNB,20250717 09:43:45.550000,2634613,600,1071950,9.1,NQNX,12544
DNB,20250717 09:43:45.550000,2634619,600,1099090,9.1,BATY,12639
DNB,20250717 09:43:45.550000,2634614,13488,1085438,9.1,NQNX,12544
DNB,20250717 09:43:45.551000,2634622,442,1099742,9.1,NYSE,12639
DNB,20250717 09:43:45.551000,2634623,400,1100142,9.1,BATY,12639
DNB,20250717 09:43:49.783000,2642106,13,1100155,9.1,NQNX,12659
DNB,20250717 09:44:08.662000,2674152,250000,1350155,9.1,NQNX,12544
DNB,20250717 09:44:12.812000,2683892,100,1350416,9.1,BATS,12544
DNB,20250717 09:44:12.812000,2683891,100,1350316,9.1,NQEX,12544
DNB,20250717 09:44:12.812000,2683890,61,1350216,9.1,BATS,12659
DNB,20250717 09:44:12.813000,2683893,100,1350516,9.1,NQEX,12544
DNB,20250717 09:44:31.910000,2719007,100,1350616,9.1,BATS,12544
DNB,20250717 09:44:31.910000,2719008,100,1350716,9.1,PACF,12544
DNB,20250717 09:44:31.910000,2719011,100,1350862,9.1,NQEX,12544
DNB,20250717 09:44:31.910000,2719009,46,1350762,9.1,EDGX,12659
DNB,20250717 09:44:31.911000,2719012,100,1350962,9.1,BATS,12544
DNB,20250717 09:44:31.911000,2719013,100,1351062,9.1,NQEX,12544
DNB,20250717 09:44:50.914000,2756869,100,1351306,9.1,PACF,12544
DNB,20250717 09:44:50.914000,2756870,100,1351406,9.1,NQEX,12544
DNB,20250717 09:44:50.914000,2756868,44,1351206,9.1,EDGX,12659
DNB,20250717 09:44:50.914000,2756867,100,1351162,9.1,BATS,12544
DNB,20250717 09:44:50.915000,2756871,100,1351506,9.1,BATS,12544
DNB,20250717 09:44:50.915000,2756873,100,1351606,9.1,NQEX,12544
DNB,20250717 09:44:55.723000,2765078,14,1351620,9.1,NQNX,12659
DNB,20250717 09:45:01.609000,2776792,100,1351720,9.1,NQNX,12544
DNB,20250717 09:45:01.713000,2777160,100,1351820,9.1,NQNX,12544
DNB,20250717 09:45:03.490000,2783235,800,1352620,9.1,NQNX,12544
DNB,20250717 09:45:10.290000,2797103,34,1352854,9.1,EDGX,12659
DNB,20250717 09:45:10.290000,2797101,100,1352720,9.1,BATS,12544
DNB,20250717 09:45:10.290000,2797106,100,1352954,9.1,NQEX,12544
DNB,20250717 09:45:10.290000,2797102,100,1352820,9.1,PACF,12544
DNB,20250717 09:45:10.291000,2797112,100,1353154,9.1,NQEX,12544
DNB,20250717 09:45:10.291000,2797108,100,1353054,9.1,BATS,12544
DNB,20250717 09:45:10.293000,2797124,32,1353186,9.1,NQEX,12659
DNB,20250717 09:45:18.296000,2815819,87,1353273,9.1,NYSE,12659
DNB,20250717 09:45:28.319000,2841487,100,1353652,9.1,BATS,12544
DNB,20250717 09:45:28.319000,2841484,100,1353373,9.1,BATS,12544
DNB,20250717 09:45:28.319000,2841489,100,1353752,9.1,NQEX,12544
DNB,20250717 09:45:28.319000,2841486,100,1353552,9.1,NQEX,12544
DNB,20250717 09:45:28.319000,2841485,79,1353452,9.1,EDGX,12659
DNB,20250717 09:45:39.603000,2866035,13,1353765,9.1,NQNX,12659
DNB,20250717 09:45:48.380000,2884395,100,1354299,9.1,NQEX,12544
DNB,20250717 09:45:48.380000,2884394,100,1354199,9.1,BATS,12544
DNB,20250717 09:45:48.380000,2884393,100,1354099,9.1,NQEX,12544
DNB,20250717 09:45:48.380000,2884392,34,1353999,9.1,EDGX,12659
DNB,20250717 09:45:48.380000,2884391,100,1353965,9.1,PACF,12544
DNB,20250717 09:45:48.380000,2884390,100,1353865,9.1,BATS,12544
DNB,20250717 09:45:50.084000,2888181,72,1354371,9.1,PACF,12659
DNB,20250717 09:45:53.382000,2894887,38,1354409,9.1,NQEX,12659
DNB,20250717 09:46:08.723000,2930103,100,1354509,9.1,PACF,12544
DNB,20250717 09:46:08.723000,2930104,42,1354551,9.1,EDGX,12659
DNB,20250717 09:46:08.723000,2930105,100,1354651,9.1,BATS,12544
DNB,20250717 09:46:08.723000,2930106,100,1354751,9.1,NQEX,12544
DNB,20250717 09:46:08.724000,2930108,100,1354851,9.1,BATS,12544
DNB,20250717 09:46:08.724000,2930111,100,1354951,9.1,NQEX,12544
DNB,20250717 09:46:22.163000,2964983,100,1355051,9.1,NTRF,12544
DNB,20250717 09:46:27.724000,2977217,5,1355256,9.1,EDGX,12659
DNB,20250717 09:46:27.724000,2977216,100,1355251,9.1,BATS,12544
DNB,20250717 09:46:27.724000,2977215,100,1355151,9.1,PACF,12544
DNB,20250717 09:46:27.724000,2977218,100,1355356,9.1,NQEX,12544
DNB,20250717 09:46:27.725000,2977222,100,1355556,9.1,NQEX,12544
DNB,20250717 09:46:27.725000,2977221,100,1355456,9.1,BATS,12544
DNB,20250717 09:46:37.432000,2999055,40,1355596,9.1,NQEX,12659
DNB,20250717 09:46:45.662000,3015719,13,1355609,9.1,NQNX,12659
DNB,20250717 09:46:45.663000,3015737,100,1355987,9.1,BATS,12544
DNB,20250717 09:46:45.663000,3015726,78,1355687,9.1,EDGX,12659
DNB,20250717 09:46:45.663000,3015727,100,1355787,9.1,BATS,12544
DNB,20250717 09:46:45.663000,3015735,100,1355887,9.1,NQEX,12544
DNB,20250717 09:46:45.664000,3015738,100,1356087,9.1,NQEX,12544
DNB,20250717 09:46:59.362000,3044983,74,1356161,9.1,NYSE,12659
DNB,20250717 09:47:06.046000,3061384,100,1356503,9.1,NQEX,12544
DNB,20250717 09:47:06.046000,3061380,100,1356261,9.1,BATS,12544
DNB,20250717 09:47:06.046000,3061381,42,1356303,9.1,EDGX,12659
DNB,20250717 09:47:06.046000,3061382,100,1356403,9.1,PACF,12544
DNB,20250717 09:47:06.047000,3061387,100,1356703,9.1,NQEX,12544
DNB,20250717 09:47:06.047000,3061386,100,1356603,9.1,BATS,12544
DNB,20250717 09:47:11.869000,3073576,31,1356734,9.1,NQEX,12659
DNB,20250717 09:47:24.878000,3097940,100,1357135,9.1,BATS,12544
DNB,20250717 09:47:24.878000,3097939,100,1357035,9.1,NQEX,12544
DNB,20250717 09:47:24.878000,3097937,100,1356934,9.1,PACF,12544
DNB,20250717 09:47:24.878000,3097938,1,1356935,9.1,EDGX,12659
DNB,20250717 09:47:24.878000,3097936,100,1356834,9.1,BATS,12544
DNB,20250717 09:47:24.879000,3097943,100,1357235,9.1,NQEX,12544
DNB,20250717 09:47:43.854000,3141744,100,1357540,9.1,NQEX,12544
DNB,20250717 09:47:43.854000,3141740,5,1357440,9.1,EDGX,12659
DNB,20250717 09:47:43.854000,3141739,100,1357435,9.1,PACF,12544
DNB,20250717 09:47:43.854000,3141738,100,1357335,9.1,BATS,12544
DNB,20250717 09:47:43.855000,3141745,100,1357640,9.1,BATS,12544
DNB,20250717 09:47:43.855000,3141747,100,1357740,9.1,NQEX,12544
DNB,20250717 09:47:47.021000,3149265,100,1357840,9.11,CINC,12639
DNB,20250717 09:47:48.306000,3151963,100,1357940,9.1,NQNX,12548
DNB,20250717 09:47:49.216000,3154857,33,1357973,9.1,NQEX,12659
DNB,20250717 09:47:51.623000,3159670,14,1357987,9.1,NQNX,12659
DNB,20250717 09:48:01.647000,3178432,73,1358160,9.1,EDGX,12659
DNB,20250717 09:48:01.647000,3178435,100,1358360,9.1,BATS,12544
DNB,20250717 09:48:01.647000,3178431,100,1358087,9.1,BATS,12544
DNB,20250717 09:48:01.647000,3178433,100,1358260,9.1,NQEX,12544
DNB,20250717 09:48:01.648000,3178437,100,1358460,9.1,NQEX,12544
DNB,20250717 09:48:10.945000,3199114,5,1358465,9.1,NYSE,12659
DNB,20250717 09:48:18.295000,3214782,100,1358608,9.1,BATS,12544
DNB,20250717 09:48:18.295000,3214781,43,1358508,9.1,EDGX,12659
DNB,20250717 09:48:18.295000,3214783,100,1358708,9.1,NQEX,12544
DNB,20250717 09:48:18.296000,3214784,100,1358808,9.1,BATS,12544
DNB,20250717 09:48:18.296000,3214785,100,1358908,9.1,NQEX,12544
DNB,20250717 09:48:31.975000,3242591,38,1358946,9.1,NQEX,12659
DNB,20250717 09:48:34.825000,3247166,51,1358997,9.1,NQNX,12659
DNB,20250717 09:48:34.829000,3247168,38,1359035,9.1,NQNX,12659
DNB,20250717 09:48:34.830000,3247169,2,1359037,9.1,NQNX,12659
DNB,20250717 09:48:35.662000,3248739,13,1359050,9.1,NQNX,12659
DNB,20250717 09:48:38.313000,3252272,100,1359250,9.1,PACF,12544
DNB,20250717 09:48:38.313000,3252271,100,1359150,9.1,BATS,12544
DNB,20250717 09:48:38.313000,3252273,33,1359283,9.1,EDGX,12659
DNB,20250717 09:48:38.314000,3252276,100,1359583,9.1,NQEX,12544
DNB,20250717 09:48:38.314000,3252275,100,1359483,9.1,BATS,12544
DNB,20250717 09:48:38.314000,3252274,100,1359383,9.1,NQEX,12544
DNB,20250717 09:49:00.499000,3298331,90,1359873,9.1,EDGX,12659
DNB,20250717 09:49:00.499000,3298330,100,1359783,9.1,PACF,12544
DNB,20250717 09:49:00.499000,3298329,100,1359683,9.1,BATS,12544
DNB,20250717 09:49:00.499000,3298334,100,1359973,9.1,NQEX,12544
DNB,20250717 09:49:00.500000,3298336,100,1360173,9.1,NQEX,12544
DNB,20250717 09:49:00.500000,3298335,100,1360073,9.1,BATS,12544
DNB,20250717 09:49:00.983000,3299489,100,1360273,9.11,CINC,12639
DNB,20250717 09:49:10.964000,3322822,100,1360373,9.1,NQNX,12548
DNB,20250717 09:49:15.065000,3333198,1,1360374,9.1,NQNX,12659
DNB,20250717 09:49:16.205000,3335361,18,1360492,9.1,EDGX,12659
DNB,20250717 09:49:16.205000,3335360,100,1360474,9.1,BATS,12544
DNB,20250717 09:49:16.206000,3335363,100,1360692,9.1,BATS,12544
DNB,20250717 09:49:16.206000,3335364,100,1360792,9.1,NQEX,12544
DNB,20250717 09:49:16.206000,3335362,100,1360592,9.1,NQEX,12544
DNB,20250717 09:49:17.207000,3337960,41,1360833,9.1,NQEX,12659
DNB,20250717 09:49:38.282000,3383469,88,1360921,9.1,EDGX,12659
DNB,20250717 09:49:38.282000,3383470,100,1361021,9.1,PACF,12544
DNB,20250717 09:49:38.282000,3383475,100,1361321,9.1,BATS,12544
DNB,20250717 09:49:38.282000,3383471,100,1361121,9.1,BATS,12544
DNB,20250717 09:49:38.282000,3383472,100,1361221,9.1,NQEX,12544
DNB,20250717 09:49:38.283000,3383481,100,1361421,9.1,NQEX,12544
DNB,20250717 09:49:40.519000,3389385,100,1361521,9.11,CINC,12639
DNB,20250717 09:49:41.573000,3392509,13,1361534,9.1,NQNX,12659
DNB,20250717 09:49:57.397000,3429758,8,1361742,9.1,EDGX,12659
DNB,20250717 09:49:57.397000,3429759,100,1361842,9.1,NQEX,12544
DNB,20250717 09:49:57.397000,3429762,100,1361942,9.1,BATS,12544
DNB,20250717 09:49:57.397000,3429757,100,1361734,9.1,BATS,12544
DNB,20250717 09:49:57.397000,3429756,100,1361634,9.1,PACF,12544
DNB,20250717 09:49:57.398000,3429763,100,1362042,9.1,NQEX,12544
DNB,20250717 09:49:58.018000,3430688,100,1362142,9.11,CINC,12639
DNB,20250717 09:50:01.019000,3438448,39,1362181,9.1,NQEX,12659
DNB,20250717 09:50:16.836000,3479916,92,1362373,9.1,EDGX,12659
DNB,20250717 09:50:16.836000,3479918,100,1362573,9.1,BATS,12544
DNB,20250717 09:50:16.836000,3479915,100,1362281,9.1,BATS,12544
DNB,20250717 09:50:16.836000,3479917,100,1362473,9.1,NQEX,12544
DNB,20250717 09:50:16.837000,3479919,100,1362673,9.1,NQEX,12544
DNB,20250717 09:50:32.704000,3514395,1,1362674,9.1,NQNX,12659
DNB,20250717 09:50:32.705000,3514397,100,1362774,9.1,PACF,12544
DNB,20250717 09:50:33.706000,3516563,23,1362797,9.1,EDGX,12659
DNB,20250717 09:50:33.706000,3516566,100,1362997,9.1,NQEX,12544
DNB,20250717 09:50:33.706000,3516564,100,1362897,9.1,BATS,12544
DNB,20250717 09:50:33.707000,3516570,100,1363197,9.1,NQEX,12544
DNB,20250717 09:50:33.707000,3516568,100,1363097,9.1,BATS,12544
DNB,20250717 09:50:35.822000,3521377,100,1363297,9.11,CINC,12639
DNB,20250717 09:50:41.894000,3534020,40,1363337,9.1,NQEX,12659
DNB,20250717 09:50:47.624000,3544900,14,1363351,9.1,NQNX,12659
DNB,20250717 09:50:51.917000,3554098,100,1363608,9.1,NQEX,12544
DNB,20250717 09:50:51.917000,3554097,57,1363508,9.1,EDGX,12659
DNB,20250717 09:50:51.917000,3554096,100,1363451,9.1,BATS,12544
DNB,20250717 09:50:51.918000,3554102,100,1363708,9.1,BATS,12544
DNB,20250717 09:50:51.918000,3554103,100,1363808,9.1,NQEX,12544
DNB,20250717 09:51:11.964000,3613469,41,1363849,9.1,NQEX,12659
DNB,20250717 09:51:11.965000,3613474,100,1364252,9.1,BATS,12544
DNB,20250717 09:51:11.965000,3613471,100,1363952,9.1,BATS,12544
DNB,20250717 09:51:11.965000,3613472,100,1364052,9.1,PACF,12544
DNB,20250717 09:51:11.965000,3613470,3,1363852,9.1,EDGX,12659
DNB,20250717 09:51:11.965000,3613473,100,1364152,9.1,NQEX,12544
DNB,20250717 09:51:11.966000,3613475,100,1364352,9.1,NQEX,12544
DNB,20250717 09:51:12.850000,3617332,100,1364452,9.11,CINC,12639
DNB,20250717 09:51:17.050000,3629067,100,1364552,9.1,NYSE,12544
DNB,20250717 09:51:27.898000,3653123,100,1364652,9.1,BATS,12544
DNB,20250717 09:51:27.899000,3653126,100,1364952,9.1,NQEX,12544
DNB,20250717 09:51:27.899000,3653124,100,1364752,9.1,NQEX,12544
DNB,20250717 09:51:27.899000,3653125,100,1364852,9.1,BATS,12544
DNB,20250717 09:51:31.714000,3662263,11,1364963,9.1,NQNX,12659
DNB,20250717 09:51:41.238000,3679538,39,1365002,9.1,NQEX,12659
DNB,20250717 09:51:47.968000,3693663,100,1365505,9.1,NQEX,12544
DNB,20250717 09:51:47.968000,3693662,100,1365405,9.1,BATS,12544
DNB,20250717 09:51:47.968000,3693660,100,1365305,9.1,NQEX,12544
DNB,20250717 09:51:47.968000,3693659,100,1365205,9.1,PACF,12544
DNB,20250717 09:51:47.968000,3693658,3,1365105,9.1,EDGX,12659
DNB,20250717 09:51:47.968000,3693657,100,1365102,9.1,BATS,12544
DNB,20250717 09:51:48.071000,3693911,100,1365605,9.11,CINC,12639
DNB,20250717 09:52:05.733000,3731878,100,1366051,9.1,NQEX,12544
DNB,20250717 09:52:05.733000,3731876,100,1365951,9.1,BATS,12544
DNB,20250717 09:52:05.733000,3731875,100,1365851,9.1,NQEX,12544
DNB,20250717 09:52:05.733000,3731874,46,1365751,9.1,EDGX,12659
DNB,20250717 09:52:05.733000,3731873,100,1365705,9.1,BATS,12544
DNB,20250717 09:52:08.734000,3739304,37,1366088,9.1,NQEX,12659
DNB,20250717 09:52:27.810000,3781121,54,1366342,9.1,EDGX,12659
DNB,20250717 09:52:27.810000,3781120,100,1366288,9.1,BATS,12544
DNB,20250717 09:52:27.810000,3781119,100,1366188,9.1,PACF,12544
DNB,20250717 09:52:27.810000,3781122,100,1366442,9.1,NQEX,12544
DNB,20250717 09:52:27.811000,3781128,100,1366642,9.1,NQEX,12544
DNB,20250717 09:52:27.811000,3781126,100,1366542,9.1,BATS,12544
DNB,20250717 09:52:30.172000,3785845,100,1366742,9.1,NQEX,12544
DNB,20250717 09:52:30.529000,3786927,100,1366842,9.11,CINC,12639
DNB,20250717 09:52:32.531000,3791061,32,1366874,9.1,NQEX,12659
DNB,20250717 09:52:35.532000,3796317,100,1366974,9.1,NQNX,12544
DNB,20250717 09:52:37.966000,3803197,12,1366986,9.1,NQNX,12659
DNB,20250717 09:52:49.284000,3825387,100,1367086,9.1,NYSE,12544
DNB,20250717 09:52:49.664000,3826081,16,1367102,9.1,NQNX,12659
DNB,20250717 09:52:49.664000,3826082,7,1367109,9.1,NQNX,12659
DNB,20250717 09:52:55.568000,3837312,100,1367605,9.1,BATS,12544
DNB,20250717 09:52:55.568000,3837308,100,1367209,9.1,PACF,12544
DNB,20250717 09:52:55.568000,3837309,100,1367309,9.1,BATS,12544
DNB,20250717 09:52:55.568000,3837313,100,1367705,9.1,NQEX,12544
DNB,20250717 09:52:55.568000,3837311,100,1367505,9.1,NQEX,12544
DNB,20250717 09:52:55.568000,3837310,96,1367405,9.1,EDGX,12659
DNB,20250717 09:53:15.890000,3880770,100,1368115,9.1,BATS,12544
DNB,20250717 09:53:15.890000,3880767,100,1367815,9.1,PACF,12544
DNB,20250717 09:53:15.890000,3880766,10,1367715,9.1,EDGX,12659
DNB,20250717 09:53:15.890000,3880768,100,1367915,9.1,BATS,12544
DNB,20250717 09:53:15.890000,3880769,100,1368015,9.1,NQEX,12544
DNB,20250717 09:53:15.891000,3880772,100,1368215,9.1,NQEX,12544
DNB,20250717 09:53:16.351000,3881680,100,1368315,9.11,CINC,12639
DNB,20250717 09:53:24.769000,3898246,44,1368359,9.1,NQNX,12659
DNB,20250717 09:53:34.791000,3920033,100,1368633,9.1,NQEX,12544
DNB,20250717 09:53:34.791000,3920032,74,1368533,9.1,EDGX,12659
DNB,20250717 09:53:34.791000,3920031,100,1368459,9.1,BATS,12544
DNB,20250717 09:53:34.791000,3920034,100,1368733,9.1,BATS,12544
DNB,20250717 09:53:34.792000,3920035,100,1368833,9.1,NQEX,12544
DNB,20250717 09:53:43.707000,3939128,12,1368845,9.1,NQNX,12659
DNB,20250717 09:53:53.729000,3961127,76,1368921,9.1,EDGX,12659
DNB,20250717 09:53:53.730000,3961130,100,1369121,9.1,NQEX,12544
DNB,20250717 09:53:53.730000,3961133,100,1369321,9.1,NQEX,12544
DNB,20250717 09:53:53.730000,3961131,100,1369221,9.1,BATS,12544
DNB,20250717 09:53:53.730000,3961128,100,1369021,9.1,BATS,12544
DNB,20250717 09:53:56.360000,3966262,100,1369421,9.11,CINC,12639
DNB,20250717 09:54:13.556000,4001369,100,1369818,9.1,BATS,12544
DNB,20250717 09:54:13.556000,4001367,100,1369718,9.1,NQEX,12544
DNB,20250717 09:54:13.556000,4001366,97,1369618,9.1,EDGX,12659
DNB,20250717 09:54:13.556000,4001365,100,1369521,9.1,BATS,12544
DNB,20250717 09:54:13.557000,4001370,100,1369918,9.1,NQEX,12544
DNB,20250717 09:54:13.557000,4001372,100,1370018,9.1,PACF,12544
DNB,20250717 09:54:18.667000,4011957,100,1370118,9.1,NYSE,12544
DNB,20250717 09:54:33.079000,4045681,100,1370508,9.1,BATS,12544
DNB,20250717 09:54:33.079000,4045675,90,1370308,9.1,EDGX,12659
DNB,20250717 09:54:33.079000,4045679,100,1370408,9.1,NQEX,12544
DNB,20250717 09:54:33.079000,4045674,100,1370218,9.1,BATS,12544
DNB,20250717 09:54:33.080000,4045682,100,1370608,9.1,NQEX,12544
DNB,20250717 09:54:34.833000,4048962,40,1370708,9.11,CINC,12659
DNB,20250717 09:54:34.833000,4048960,30,1370638,9.11,CINC,12659
DNB,20250717 09:54:34.833000,4048961,30,1370668,9.11,CINC,12659
DNB,20250717 09:54:49.880000,4077215,22,1370842,9.1,EDGX,12659
DNB,20250717 09:54:49.880000,4077214,100,1370820,9.1,BATS,12544
DNB,20250717 09:54:49.880000,4077206,12,1370720,9.1,NQNX,12659
DNB,20250717 09:54:49.881000,4077216,100,1370942,9.1,NQEX,12544
DNB,20250717 09:54:49.881000,4077218,100,1371042,9.1,BATS,12544
DNB,20250717 09:54:49.881000,4077219,100,1371142,9.1,NQEX,12544
DNB,20250717 09:54:56.664000,4091727,100,1371242,9.1,NQNX,12544
DNB,20250717 09:54:56.864000,4091981,100,1371342,9.1,NQNX,12544
DNB,20250717 09:54:56.901000,4092106,100,1371442,9.1,NQNX,12544
DNB,20250717 09:55:07.687000,4115455,38,1371580,9.1,EDGX,12659
DNB,20250717 09:55:07.687000,4115457,100,1371780,9.1,BATS,12544
DNB,20250717 09:55:07.687000,4115454,100,1371542,9.1,BATS,12544
DNB,20250717 09:55:07.687000,4115456,100,1371680,9.1,NQEX,12544
DNB,20250717 09:55:07.688000,4115458,100,1371880,9.1,NQEX,12544
DNB,20250717 09:55:07.929000,4115760,30,1371980,9.11,BOST,12659
DNB,20250717 09:55:07.929000,4115759,10,1371950,9.11,BATY,12659
DNB,20250717 09:55:07.929000,4115758,60,1371940,9.11,CINC,12659
DNB,20250717 09:55:07.930000,4115763,2,1371991,9.1,NQNX,12659
DNB,20250717 09:55:07.930000,4115762,9,1371989,9.1,IEX,12659
DNB,20250717 09:55:11.075000,4121597,100,1372091,9.1,NQEX,12544
DNB,20250717 09:55:16.494000,4134844,300,1372391,9.1,NQNX,12544
DNB,20250717 09:55:26.516000,4160290,100,1372643,9.1,NQEX,12544
DNB,20250717 09:55:26.516000,4160292,100,1372743,9.1,BATS,12544
DNB,20250717 09:55:26.516000,4160288,100,1372491,9.1,BATS,12544
DNB,20250717 09:55:26.516000,4160289,52,1372543,9.1,EDGX,12659
DNB,20250717 09:55:26.516000,4160294,100,1372843,9.1,NQEX,12544
DNB,20250717 09:55:37.946000,4191299,100,1372943,9.1,NYSE,12544
DNB,20250717 09:55:38.146000,4192007,100,1373043,9.11,BATY,12639
DNB,20250717 09:55:47.971000,4211436,100,1373143,9.1,PACF,12544
DNB,20250717 09:55:47.971000,4211438,100,1373259,9.1,BATS,12544
DNB,20250717 09:55:47.971000,4211437,16,1373159,9.1,EDGX,12659
DNB,20250717 09:55:47.971000,4211439,100,1373359,9.1,NQEX,12544
DNB,20250717 09:55:47.972000,4211440,100,1373459,9.1,BATS,12544
DNB,20250717 09:55:47.972000,4211441,100,1373559,9.1,NQEX,12544
DNB,20250717 09:55:55.906000,4227490,12,1373571,9.1,NQNX,12659
DNB,20250717 09:56:03.341000,4246028,1,1373572,9.1,NQEX,12659
DNB,20250717 09:56:03.341000,4246030,69,1373641,9.1,BATS,12659
DNB,20250717 09:56:03.342000,4246035,100,1373941,9.1,NQEX,12544
DNB,20250717 09:56:03.342000,4246034,69,1373841,9.1,BATS,12659
DNB,20250717 09:56:03.342000,4246031,100,1373741,9.1,NQEX,12544
DNB,20250717 09:56:03.342000,4246033,31,1373772,9.1,BATS,12659
DNB,20250717 09:56:27.089000,4310146,100,1374041,9.1,NQEX,12544
DNB,20250717 09:56:27.090000,4310148,470,1374511,9.1,NQEX,12544
DNB,20250717 09:56:28.857000,4312949,100,1374611,9.11,CINC,12639
DNB,20250717 09:56:40.032000,4334712,11,1374622,9.1,NQNX,12659
DNB,20250717 09:56:45.858000,4344819,100,1374873,9.1,NQEX,12544
DNB,20250717 09:56:45.858000,4344817,100,1374773,9.1,BATS,12544
DNB,20250717 09:56:45.858000,4344816,51,1374673,9.1,EDGX,12659
DNB,20250717 09:56:45.858000,4344821,100,1374973,9.1,BATS,12544
DNB,20250717 09:56:45.859000,4344822,100,1375073,9.1,NQEX,12544
DNB,20250717 09:57:02.020000,4374191,14,1375087,9.1,NQNX,12659
DNB,20250717 09:57:02.023000,4374200,2,1375089,9.1,NQNX,12659
DNB,20250717 09:57:02.025000,4374211,1,1375090,9.1,NQNX,12659
DNB,20250717 09:57:04.276000,4378941,100,1375190,9.1,NQEX,12544
DNB,20250717 09:57:04.277000,4378947,63,1375533,9.1,NQEX,12659
DNB,20250717 09:57:04.277000,4378946,90,1375470,9.1,NQEX,12659
DNB,20250717 09:57:04.277000,4378945,190,1375380,9.1,NQEX,12544
DNB,20250717 09:57:05.138000,4381284,100,1375633,9.11,CINC,12639
DNB,20250717 09:57:08.144000,4389342,100,1375733,9.1,NYSE,12544
DNB,20250717 09:57:23.340000,4429768,100,1375933,9.1,NQEX,12544
DNB,20250717 09:57:23.340000,4429767,100,1375833,9.1,BATS,12544
DNB,20250717 09:57:23.341000,4429772,157,1376090,9.1,NQEX,12544
DNB,20250717 09:57:23.341000,4429773,100,1376190,9.1,NQEX,12544
DNB,20250717 09:57:32.447000,4451849,100,1376290,9.1,IEX,12544
DNB,20250717 09:57:45.816000,4478971,12,1376302,9.1,NQNX,12659
DNB,20250717 09:57:51.411000,4488153,33,1376335,9.1,NQEX,12659
DNB,20250717 09:57:51.411000,4488154,67,1376402,9.1,NQEX,12659
DNB,20250717 09:57:51.412000,4488160,475,1376877,9.1,NQEX,12544
DNB,20250717 09:57:53.795000,4492623,100,1376977,9.11,CINC,12639
DNB,20250717 09:57:58.450000,4500444,1900,1380777,9.1,NQNX,12544
DNB,20250717 09:57:58.450000,4500442,1900,1378877,9.1,IEX,12544
DNB,20250717 09:57:58.451000,4500445,542,1381319,9.1,NQNX,12544
DNB,20250717 09:57:58.451000,4500447,1900,1385119,9.1,NQNX,12544
DNB,20250717 09:57:58.451000,4500446,1900,1383219,9.1,NQNX,12544
DNB,20250717 09:57:58.500000,4500489,1471,1386590,9.1,NQNX,12544
DNB,20250717 09:57:58.728000,4500752,330,1386920,9.1,NQNX,12544
DNB,20250717 09:57:58.812000,4500847,800,1387720,9.1,NQNX,12544
DNB,20250717 09:57:58.837000,4500862,200,1387920,9.11,CINC,12639
DNB,20250717 09:57:58.837000,4500863,200,1388120,9.11,CINC,12639
DNB,20250717 09:57:58.837000,4500864,100,1388220,9.11,CINC,12639
DNB,20250717 09:58:00.423000,4503771,300,1388520,9.11,CINC,12639
DNB,20250717 09:58:01.671000,4505781,300,1388820,9.1,NYSE,12544
DNB,20250717 09:58:02.840000,4507333,100,1388920,9.11,CINC,12639
DNB,20250717 09:58:06.841000,4515872,70,1388990,9.1,BATS,12659
DNB,20250717 09:58:06.841000,4515873,100,1389090,9.1,NQEX,12544
DNB,20250717 09:58:06.841000,4515874,100,1389190,9.1,BATS,12544
DNB,20250717 09:58:06.842000,4515876,100,1389290,9.1,NQEX,12544
DNB,20250717 09:58:07.121000,4516418,100,1389390,9.11,CINC,12639
DNB,20250717 09:58:14.122000,4530344,100,1389490,9.1,NQNX,12544
DNB,20250717 09:58:14.130000,4530356,1255,1390745,9.1,NQNX,12544
DNB,20250717 09:58:14.200000,4530460,94,1390839,9.1,NYSE,12659
DNB,20250717 09:58:14.240000,4530523,60,1390939,9.11,BOST,12659
DNB,20250717 09:58:14.240000,4530521,40,1390879,9.11,BATY,12659
DNB,20250717 09:58:14.241000,4530526,4390,1395329,9.1,NQNX,12544
DNB,20250717 09:58:14.275000,4530570,352,1395681,9.1,NYSE,12544
DNB,20250717 09:58:16.299000,4534193,300,1395981,9.11,CINC,12639
DNB,20250717 09:58:17.908000,4536841,100,1396081,9.1,NQNX,12548
DNB,20250717 09:58:17.946000,4536872,100,1396181,9.11,CINC,12639
DNB,20250717 09:58:19.547000,4539710,4,1396185,9.11,NQNX,12659
DNB,20250717 09:58:36.541000,4572812,20,1396205,9.1,BOST,12659
DNB,20250717 09:58:36.856000,4573323,1,1396206,9.1,NQNX,12659
DNB,20250717 09:58:41.078000,4582094,100,1396306,9.1,NQEX,12544
DNB,20250717 09:58:51.717000,4602290,12,1396318,9.1,NQNX,12659
DNB,20250717 09:58:58.744000,4617016,69,1396387,9.1,NQNX,12659
DNB,20250717 09:59:23.902000,4678250,70,1396457,9.11,NQNX,12659
DNB,20250717 09:59:25.822000,4681752,43,1396600,9.1,EDGX,12659
DNB,20250717 09:59:25.822000,4681751,100,1396557,9.1,BATS,12544
DNB,20250717 09:59:25.822000,4681753,100,1396700,9.1,PACF,12544
DNB,20250717 09:59:25.822000,4681755,100,1396800,9.1,NQEX,12544
DNB,20250717 09:59:25.822000,4681760,100,1396900,9.1,BATS,12544
DNB,20250717 09:59:25.823000,4681762,100,1397000,9.1,NQEX,12544
DNB,20250717 09:59:27.775000,4685954,100,1397100,9.11,CINC,12639
DNB,20250717 09:59:28.742000,4688974,1,1397101,9.1,BATS,12659
DNB,20250717 09:59:30.780000,4692666,20,1397121,9.1,CINC,12659
DNB,20250717 09:59:35.802000,4703090,12,1397133,9.1,NQNX,12659
DNB,20250717 09:59:45.190000,4721925,65,1397298,9.1,EDGX,12659
DNB,20250717 09:59:45.190000,4721927,100,1397398,9.1,NQEX,12544
DNB,20250717 09:59:45.190000,4721928,100,1397498,9.1,BATS,12544
DNB,20250717 09:59:45.190000,4721924,100,1397233,9.1,BATS,12544
DNB,20250717 09:59:45.191000,4721929,100,1397598,9.1,NQEX,12544
DNB,20250717 09:59:51.744000,4737106,3,1397601,9.11,NQNX,12659
DNB,20250717 09:59:54.934000,4748828,48,1397649,9.1,NYSE,12659
DNB,20250717 10:00:01.742000,4774324,100,1397749,9.1,NQNX,12544
DNB,20250717 10:00:04.758000,4783295,66,1397915,9.1,EDGX,12659
DNB,20250717 10:00:04.758000,4783296,100,1398015,9.1,NQEX,12544
DNB,20250717 10:00:04.758000,4783294,100,1397849,9.1,BATS,12544
DNB,20250717 10:00:04.758000,4783297,100,1398115,9.1,BATS,12544
DNB,20250717 10:00:04.759000,4783299,100,1398215,9.1,NQEX,12544
DNB,20250717 10:00:05.174000,4784863,100,1398315,9.11,CINC,12639
DNB,20250717 10:00:17.895000,4819589,10,1398325,9.1,NYSE,12659
DNB,20250717 10:00:23.792000,4834826,39,1398464,9.1,EDGX,12659
DNB,20250717 10:00:23.792000,4834825,100,1398425,9.1,BATS,12544
DNB,20250717 10:00:23.792000,4834829,100,1398664,9.1,BATS,12544
DNB,20250717 10:00:23.792000,4834828,100,1398564,9.1,NQEX,12544
DNB,20250717 10:00:23.793000,4834830,100,1398764,9.1,NQEX,12544
DNB,20250717 10:00:25.099000,4837546,1,1398765,9.11,NQNX,12659
DNB,20250717 10:00:41.643000,4879666,100,1398865,9.1,BATS,12544
DNB,20250717 10:00:41.643000,4879668,100,1398978,9.1,NQEX,12544
DNB,20250717 10:00:41.643000,4879667,13,1398878,9.1,EDGX,12659
DNB,20250717 10:00:41.644000,4879669,100,1399078,9.1,BATS,12544
DNB,20250717 10:00:41.644000,4879670,100,1399178,9.1,NQEX,12544
DNB,20250717 10:00:41.993000,4880247,12,1399190,9.1,NQNX,12659
DNB,20250717 10:01:16.541000,4979070,100,1399290,9.1,NQNX,12544
DNB,20250717 10:01:47.707000,5055204,12,1399302,9.1,NQNX,12659
DNB,20250717 10:01:49.545000,5059067,100,1399402,9.11,CINC,12639
DNB,20250717 10:01:56.629000,5075695,100,1399502,9.1,PACF,12544
DNB,20250717 10:01:56.658000,5075741,10,1399512,9.1,NQNX,12659
DNB,20250717 10:02:50.292000,5222554,1400,1400912,9.1,IEX,12544
DNB,20250717 10:02:50.293000,5222564,3800,1404712,9.1,NQNX,12544
DNB,20250717 10:02:50.294000,5222569,100,1404912,9.1,EDGX,12544
DNB,20250717 10:02:50.294000,5222570,100,1405012,9.1,PACF,12544
DNB,20250717 10:02:50.294000,5222568,100,1404812,9.1,BATS,12544
DNB,20250717 10:02:50.294000,5222572,100,1405112,9.1,NQEX,12544
DNB,20250717 10:02:50.294000,5222575,100,1405313,9.1,NQEX,12544
DNB,20250717 10:02:50.294000,5222573,1,1405113,9.1,EDGX,12659
DNB,20250717 10:02:50.294000,5222574,100,1405213,9.1,BATS,12544
DNB,20250717 10:02:50.301000,5222581,1400,1406713,9.1,NQNX,12544
DNB,20250717 10:02:50.303000,5222585,2800,1409513,9.1,IEX,12544
DNB,20250717 10:02:50.310000,5222589,2800,1412313,9.1,NQNX,12544
DNB,20250717 10:02:50.311000,5222590,5000,1417313,9.1,IEX,12544
DNB,20250717 10:02:50.311000,5222593,100,1417613,9.1,NQNX,12544
DNB,20250717 10:02:50.311000,5222591,100,1417413,9.1,BOST,12544
DNB,20250717 10:02:50.311000,5222592,100,1417513,9.1,NQNX,12544
DNB,20250717 10:02:50.318000,5222599,380,1418393,9.1,NQNX,12544
DNB,20250717 10:02:50.318000,5222598,400,1418013,9.1,BOST,12544
DNB,20250717 10:02:50.466000,5222950,800,1419193,9.11,CINC,12639
DNB,20250717 10:02:51.317000,5225018,28000,1447193,9.1,NQNX,12544
DNB,20250717 10:02:52.573000,5227982,450,1448401,9.11,BATY,12639
DNB,20250717 10:02:52.573000,5227980,158,1447951,9.11,CINC,12639
DNB,20250717 10:02:52.573000,5227983,132,1448533,9.11,BATY,12639
DNB,20250717 10:02:52.573000,5227979,600,1447793,9.11,CINC,12639
DNB,20250717 10:02:52.573000,5227985,60,1448593,9.11,BOST,12659
DNB,20250717 10:02:52.574000,5227986,450,1449043,9.1,IEX,12544
DNB,20250717 10:02:52.574000,5227987,90,1449133,9.1,IEX,12659
DNB,20250717 10:02:52.575000,5227991,450,1449583,9.1,NQNX,12544
DNB,20250717 10:02:53.575000,5230422,90,1449673,9.1,BATY,12659
DNB,20250717 10:02:53.576000,5230424,100,1449773,9.1,BOST,12544
DNB,20250717 10:02:53.576000,5230426,7,1449780,9.1,NQNX,12659
DNB,20250717 10:02:53.583000,5230434,210,1450290,9.1,NQNX,12544
DNB,20250717 10:02:53.583000,5230432,300,1450080,9.1,BOST,12544
DNB,20250717 10:02:53.900000,5231200,12,1450302,9.1,NQNX,12659
DNB,20250717 10:02:54.969000,5233363,500,1450802,9.11,CINC,12639
DNB,20250717 10:02:54.971000,5233386,390,1451192,9.1,NQNX,12544
DNB,20250717 10:02:56.676000,5237296,500,1451692,9.11,CINC,12639
DNB,20250717 10:02:57.583000,5239915,200,1451892,9.1,NQNX,12544
DNB,20250717 10:02:57.584000,5239917,234,1452126,9.1,NQNX,12544
DNB,20250717 10:02:57.591000,5239927,503,1452629,9.1,NQNX,12544
DNB,20250717 10:02:57.592000,5239929,297,1453726,9.1,NQNX,12544
DNB,20250717 10:02:57.592000,5239928,800,1453429,9.1,NQNX,12544
DNB,20250717 10:02:57.975000,5241044,4390,1458116,9.1,NQNX,12544
DNB,20250717 10:02:58.953000,5243252,18,1458134,9.11,BATY,12659
DNB,20250717 10:02:58.953000,5243253,182,1458316,9.11,BATY,12639
DNB,20250717 10:02:58.954000,5243258,182,1459170,9.1,NQNX,12544
DNB,20250717 10:02:58.954000,5243256,90,1458988,9.1,IEX,12659
DNB,20250717 10:02:58.954000,5243254,400,1458716,9.1,IEX,12544
DNB,20250717 10:02:58.954000,5243255,182,1458898,9.1,IEX,12544
DNB,20250717 10:02:58.955000,5243262,2000,1461480,9.1,NQNX,12544
DNB,20250717 10:02:58.955000,5243259,130,1459300,9.1,NQNX,12544
DNB,20250717 10:02:58.955000,5243261,180,1459480,9.1,NQNX,12544
DNB,20250717 10:03:00.741000,5247385,400,1461880,9.11,CINC,12639
DNB,20250717 10:03:01.625000,5249173,67,1461947,9.1,NQNX,12659
DNB,20250717 10:03:02.274000,5250460,100,1462047,9.11,CINC,12639
DNB,20250717 10:03:04.717000,5256858,400,1462447,9.11,CINC,12639
DNB,20250717 10:03:04.718000,5256859,4390,1466837,9.1,NQNX,12544
DNB,20250717 10:03:05.533000,5258842,1300,1468137,9.1,NQNX,12544
DNB,20250717 10:03:05.534000,5258853,1200,1469337,9.1,NQNX,12544
DNB,20250717 10:03:05.542000,5258859,1300,1470637,9.1,NQNX,12544
DNB,20250717 10:03:05.543000,5258863,1300,1471937,9.1,NQNX,12544
DNB,20250717 10:03:05.544000,5258866,9700,1481637,9.1,NQNX,12544
DNB,20250717 10:03:05.547000,5258871,1200,1482837,9.1,NQNX,12544
DNB,20250717 10:03:05.559000,5258876,1200,1484037,9.1,NQNX,12544
DNB,20250717 10:03:05.577000,5258898,1300,1485337,9.1,NTRF,12544
DNB,20250717 10:03:05.745000,5259232,4390,1489727,9.1,NQNX,12544
DNB,20250717 10:03:05.748000,5259237,4390,1494117,9.1,NQNX,12544
DNB,20250717 10:03:05.752000,5259242,4390,1498507,9.1,NQNX,12544
DNB,20250717 10:03:05.758000,5259250,4390,1502897,9.1,NQNX,12544
DNB,20250717 10:03:05.791000,5259281,4390,1507287,9.1,NQNX,12544
DNB,20250717 10:03:05.812000,5259314,4390,1511677,9.1,NQNX,12544
DNB,20250717 10:03:05.815000,5259320,4390,1516067,9.1,NQNX,12544
DNB,20250717 10:03:06.072000,5259913,1377,1517444,9.1,NQNX,12544
DNB,20250717 10:03:06.083000,5259959,1300,1518744,9.1,NQNX,12544
DNB,20250717 10:03:06.857000,5261927,1100,1519844,9.11,CINC,12639
DNB,20250717 10:03:06.857000,5261928,500,1520344,9.11,CINC,12639
DNB,20250717 10:03:06.857000,5261931,900,1521244,9.1,IEX,12544
DNB,20250717 10:03:06.860000,5261963,100,1521344,9.1,NYSE,12544
DNB,20250717 10:03:09.050000,5267517,300,1521644,9.11,CINC,12639
DNB,20250717 10:03:11.086000,5273606,106,1521750,9.1,NQEX,12544
DNB,20250717 10:03:11.298000,5274177,300,1522050,9.11,CINC,12639
DNB,20250717 10:03:12.392000,5277871,152,1522202,9.1,NQEX,12544
DNB,20250717 10:03:13.503000,5280434,300,1522502,9.11,CINC,12639
DNB,20250717 10:03:16.102000,5287294,300,1522802,9.11,CINC,12639
DNB,20250717 10:03:16.543000,5289784,11,1522813,9.1,NQNX,12659
DNB,20250717 10:03:18.413000,5295072,200,1523013,9.11,CINC,12639
DNB,20250717 10:03:20.478000,5300768,100,1523113,9.1,NQNX,12544
DNB,20250717 10:03:20.493000,5300806,400,1523513,9.11,CINC,12639
DNB,20250717 10:03:23.056000,5309995,100,1523813,9.11,CINC,12639
DNB,20250717 10:03:23.056000,5309994,200,1523713,9.11,CINC,12639
DNB,20250717 10:03:25.345000,5314985,200,1524013,9.11,CINC,12639
DNB,20250717 10:03:27.775000,5319305,200,1524213,9.11,CINC,12639
DNB,20250717 10:03:30.347000,5324934,100,1524413,9.11,CINC,12639
DNB,20250717 10:03:30.347000,5324933,100,1524313,9.11,CINC,12639
DNB,20250717 10:03:30.479000,5325200,100,1524513,9.1,NQNX,12544
DNB,20250717 10:03:31.269000,5326740,1000,1525513,9.1,NQNX,12544
DNB,20250717 10:03:32.436000,5329172,100,1525613,9.11,IEX,12544
DNB,20250717 10:03:32.437000,5329208,1200,1526813,9.1,NQNX,12544
DNB,20250717 10:03:34.102000,5332991,280,1527093,9.1,NQNX,12544
DNB,20250717 10:03:34.103000,5332993,100,1527293,9.1,NQNX,12544
DNB,20250717 10:03:34.103000,5332992,100,1527193,9.1,NQNX,12544
DNB,20250717 10:03:34.513000,5334001,100,1527493,9.11,IEX,12544
DNB,20250717 10:03:34.513000,5333999,100,1527393,9.11,IEX,12544
DNB,20250717 10:03:37.945000,5340141,12,1527505,9.1,NQNX,12659
DNB,20250717 10:03:45.224000,5354443,1000,1528505,9.1,NQNX,12544
DNB,20250717 10:03:45.399000,5354862,100,1528605,9.11,IEX,12544
DNB,20250717 10:03:51.228000,5366214,2,1528607,9.1,NQNX,12659
DNB,20250717 10:04:09.960000,5406590,6,1528613,9.1,NQNX,12659
DNB,20250717 10:04:13.015000,5412642,100,1528813,9.1,PACF,12544
DNB,20250717 10:04:13.015000,5412643,64,1528877,9.1,EDGX,12659
DNB,20250717 10:04:13.015000,5412641,100,1528713,9.1,BATS,12544
DNB,20250717 10:04:13.015000,5412644,100,1528977,9.1,NQEX,12544
DNB,20250717 10:04:13.015000,5412645,100,1529077,9.1,BATS,12544
DNB,20250717 10:04:13.016000,5412646,100,1529177,9.1,NQEX,12544
DNB,20250717 10:04:30.310000,5445650,10,1529187,9.1,NYSE,12659
DNB,20250717 10:04:30.311000,5445651,100,1529287,9.1,BATS,12544
DNB,20250717 10:04:30.311000,5445653,100,1529487,9.1,BATS,12544
DNB,20250717 10:04:30.311000,5445652,100,1529387,9.1,NQEX,12544
DNB,20250717 10:04:30.312000,5445654,100,1529587,9.1,NQEX,12544
DNB,20250717 10:04:31.509000,5447914,100,1529687,9.11,CINC,12639
DNB,20250717 10:04:43.885000,5473662,12,1529699,9.1,NQNX,12659
DNB,20250717 10:04:50.693000,5486103,100,1529799,9.1,BATS,12544
DNB,20250717 10:04:50.693000,5486107,100,1529899,9.1,NQEX,12544
DNB,20250717 10:04:50.694000,5486114,100,1529999,9.1,BATS,12544
DNB,20250717 10:04:50.694000,5486116,171,1530170,9.1,NQEX,12544
DNB,20250717 10:04:52.704000,5490289,35,1530205,9.1,NQNX,12659
DNB,20250717 10:05:10.321000,5527793,61,1530405,9.1,NQEX,12659
DNB,20250717 10:05:10.321000,5527792,39,1530344,9.1,NQEX,12659
DNB,20250717 10:05:10.321000,5527799,100,1530505,9.1,BATS,12544
DNB,20250717 10:05:10.321000,5527788,100,1530305,9.1,BATS,12544
DNB,20250717 10:05:10.322000,5527803,143,1530648,9.1,NQEX,12544
DNB,20250717 10:05:10.468000,5528179,100,1530748,9.11,CINC,12639
DNB,20250717 10:05:29.864000,5575840,100,1530978,9.1,NQEX,12544
DNB,20250717 10:05:29.864000,5575845,100,1531078,9.1,BATS,12544
DNB,20250717 10:05:29.864000,5575833,30,1530778,9.1,EDGX,12659
DNB,20250717 10:05:29.864000,5575834,100,1530878,9.1,BATS,12544
DNB,20250717 10:05:29.865000,5575850,100,1531178,9.1,NQEX,12544
DNB,20250717 10:05:49.271000,5617270,100,1531478,9.1,BATS,12544
DNB,20250717 10:05:49.271000,5617268,100,1531378,9.1,NQEX,12544
DNB,20250717 10:05:49.271000,5617267,100,1531278,9.1,BATS,12544
DNB,20250717 10:05:49.272000,5617272,128,1531606,9.1,NQEX,12544
DNB,20250717 10:05:50.162000,5618734,13,1531619,9.1,NQNX,12659
DNB,20250717 10:06:08.398000,5661655,100,1531719,9.1,BATS,12544
DNB,20250717 10:06:08.398000,5661656,100,1531819,9.1,NQEX,12544
DNB,20250717 10:06:08.398000,5661657,100,1531919,9.1,BATS,12544
DNB,20250717 10:06:08.399000,5661658,122,1532041,9.1,NQEX,12544
DNB,20250717 10:06:08.799000,5662390,100,1532141,9.11,CINC,12639
DNB,20250717 10:06:13.556000,5673750,10,1532151,9.1,NYSE,12659
DNB,20250717 10:06:14.432000,5674963,100,1532251,9.1,IEX,12544
DNB,20250717 10:06:21.819000,5689784,70,1532321,9.1,NQNX,12659
DNB,20250717 10:06:22.401000,5691227,1,1532323,9.1,IEX,12659
DNB,20250717 10:06:22.401000,5691226,1,1532322,9.1,IEX,12659
DNB,20250717 10:06:27.465000,5702612,100,1532523,9.1,NQEX,12544
DNB,20250717 10:06:27.465000,5702611,100,1532423,9.1,BATS,12544
DNB,20250717 10:06:27.466000,5702617,121,1532644,9.1,NQEX,12544
DNB,20250717 10:06:27.466000,5702620,100,1532744,9.1,NQEX,12544
DNB,20250717 10:06:27.609000,5702881,44,1532788,9.1,NQNX,12659
DNB,20250717 10:06:31.282000,5714976,101,1532889,9.1,NQNX,12544
DNB,20250717 10:06:33.984000,5720612,12,1532901,9.1,NQNX,12659
DNB,20250717 10:06:46.009000,5746239,100,1533001,9.1,NQEX,12544
DNB,20250717 10:06:46.010000,5746241,308,1533309,9.1,NQEX,12544
DNB,20250717 10:06:47.434000,5748832,100,1533409,9.11,CINC,12639
DNB,20250717 10:06:50.689000,5757425,1,1533411,9.1,IEX,12659
DNB,20250717 10:06:50.689000,5757424,1,1533410,9.1,IEX,12659
DNB,20250717 10:07:00.508000,5781020,100,1533511,9.1,NQNX,12544
DNB,20250717 10:07:01.065000,5783818,100,1533955,9.1,IEX,12544
DNB,20250717 10:07:01.065000,5783817,222,1533855,9.1,IEX,12544
DNB,20250717 10:07:01.065000,5783816,122,1533633,9.1,NQNX,12544
DNB,20250717 10:07:04.207000,5790696,100,1534055,9.1,BATS,12544
DNB,20250717 10:07:04.207000,5790699,100,1534157,9.1,NQEX,12544
DNB,20250717 10:07:04.207000,5790697,2,1534057,9.1,EDGX,12659
DNB,20250717 10:07:04.208000,5790701,100,1534257,9.1,BATS,12544
DNB,20250717 10:07:04.208000,5790702,100,1534357,9.1,NQEX,12544
DNB,20250717 10:07:05.707000,5793538,100,1534457,9.11,CINC,12639
DNB,20250717 10:07:23.576000,5833479,100,1534557,9.1,BATS,12544
DNB,20250717 10:07:23.576000,5833480,100,1534657,9.1,NQEX,12544
DNB,20250717 10:07:23.576000,5833484,100,1534757,9.1,BATS,12544
DNB,20250717 10:07:23.577000,5833485,127,1534884,9.1,NQEX,12544
DNB,20250717 10:07:23.671000,5833681,9400,1544284,9.1,NQNX,12544
DNB,20250717 10:07:23.671000,5833682,85100,1629384,9.1,NQNX,12544
DNB,20250717 10:07:23.922000,5834211,600,1629984,9.1,NQNX,12544
DNB,20250717 10:07:23.923000,5834212,2200,1632184,9.1,NQNX,12544
DNB,20250717 10:07:23.980000,5834313,1222,1633406,9.1,IEX,12544
DNB,20250717 10:07:23.982000,5834315,1222,1634628,9.1,NQNX,12544
DNB,20250717 10:07:23.984000,5834316,1222,1635850,9.1,NQNX,12544
DNB,20250717 10:07:23.985000,5834318,1222,1637072,9.1,NQNX,12544
DNB,20250717 10:07:23.986000,5834321,1222,1638294,9.1,NQNX,12544
DNB,20250717 10:07:23.987000,5834323,1222,1639516,9.1,NQNX,12544
DNB,20250717 10:07:23.988000,5834324,1222,1640738,9.1,NQNX,12544
DNB,20250717 10:07:23.990000,5834328,1222,1641960,9.1,NQNX,12544
DNB,20250717 10:07:23.991000,5834330,1222,1643182,9.1,NQNX,12544
DNB,20250717 10:07:23.992000,5834335,1222,1644404,9.1,NQNX,12544
DNB,20250717 10:07:23.993000,5834337,1222,1645626,9.1,NQNX,12544
DNB,20250717 10:07:23.995000,5834338,1222,1646848,9.1,NQNX,12544
DNB,20250717 10:07:23.996000,5834339,1222,1648070,9.1,NQNX,12544
DNB,20250717 10:07:23.997000,5834341,1222,1649292,9.1,NQNX,12544
DNB,20250717 10:07:23.998000,5834355,1222,1650514,9.1,NQNX,12544
DNB,20250717 10:07:23.999000,5834361,1222,1651736,9.1,NQNX,12544
DNB,20250717 10:07:24.000000,5834367,1222,1652958,9.1,NQNX,12544
DNB,20250717 10:07:24.001000,5834369,1222,1654180,9.1,NQNX,12544
DNB,20250717 10:07:24.002000,5834370,1222,1655402,9.1,NQNX,12544
DNB,20250717 10:07:24.003000,5834372,1222,1656624,9.1,NQNX,12544
DNB,20250717 10:07:24.004000,5834373,1222,1657846,9.1,NQNX,12544
DNB,20250717 10:07:24.005000,5834377,1222,1659068,9.1,NQNX,12544
DNB,20250717 10:07:24.007000,5834382,1222,1660290,9.1,NQNX,12544
DNB,20250717 10:07:24.008000,5834383,1222,1661512,9.1,NQNX,12544
DNB,20250717 10:07:24.009000,5834385,1055,1662567,9.1,NQNX,12544
DNB,20250717 10:07:24.010000,5834388,105,1662672,9.1,NQNX,12544
DNB,20250717 10:07:24.011000,5834391,6,1662678,9.1,NQNX,12659
DNB,20250717 10:07:24.011000,5834392,5,1662683,9.1,NQNX,12659
DNB,20250717 10:07:24.012000,5834394,1,1662684,9.1,NQNX,12659
DNB,20250717 10:07:24.490000,5834953,2690,1665784,9.11,CINC,12639
DNB,20250717 10:07:24.490000,5834952,10,1663094,9.11,CINC,12659
DNB,20250717 10:07:24.490000,5834951,400,1663084,9.11,CINC,12639
DNB,20250717 10:07:28.782000,5843918,300,1666084,9.11,CINC,12639
DNB,20250717 10:07:30.359000,5846511,290,1666384,9.11,CINC,12639
DNB,20250717 10:07:30.359000,5846510,10,1666094,9.11,CINC,12659
DNB,20250717 10:07:30.586000,5846973,100,1666484,9.1,NQNX,12544
DNB,20250717 10:07:33.129000,5851955,210,1666694,9.11,CINC,12639
DNB,20250717 10:07:33.129000,5851956,90,1666784,9.11,BATY,12659
DNB,20250717 10:07:35.623000,5856396,300,1667084,9.11,CINC,12639
DNB,20250717 10:07:37.270000,5859346,103100,1779584,9.1,NQNX,12544
DNB,20250717 10:07:37.270000,5859345,9400,1676484,9.1,NQNX,12544
DNB,20250717 10:07:37.272000,5859348,1000,1780584,9.1,NQNX,12544
DNB,20250717 10:07:37.272000,5859349,10250,1790834,9.1,NQNX,12544
DNB,20250717 10:07:37.275000,5859356,1125,1791959,9.1,NQNX,12544
DNB,20250717 10:07:37.276000,5859358,113,1792072,9.1,NQNX,12544
DNB,20250717 10:07:37.277000,5859359,11,1792083,9.1,NQNX,12659
DNB,20250717 10:07:37.279000,5859363,1,1792084,9.1,NQNX,12659
DNB,20250717 10:07:38.007000,5860543,300,1792384,9.11,CINC,12639
DNB,20250717 10:07:38.618000,5861678,400,1792784,9.11,CINC,12639
DNB,20250717 10:07:38.642000,5861700,200,1793216,9.1,AMEX,12544
DNB,20250717 10:07:38.642000,5861698,32,1792816,9.1,PACF,12659
DNB,20250717 10:07:38.642000,5861699,200,1793016,9.1,NYSE,12544
DNB,20250717 10:07:38.761000,5861850,4390,1797606,9.1,NQNX,12544
DNB,20250717 10:07:38.765000,5861853,4390,1801996,9.1,NQNX,12544
DNB,20250717 10:07:38.766000,5861854,4390,1806386,9.1,NQNX,12544
DNB,20250717 10:07:38.820000,5861900,4390,1810776,9.1,NQNX,12544
DNB,20250717 10:07:39.821000,5863918,100,1810934,9.1,NQEX,12544
DNB,20250717 10:07:39.821000,5863916,58,1810834,9.1,BATS,12659
DNB,20250717 10:07:39.821000,5863919,100,1811034,9.1,BATS,12544
DNB,20250717 10:07:39.821000,5863920,100,1811134,9.1,NQEX,12544
DNB,20250717 10:07:39.979000,5864136,12,1811146,9.1,NQNX,12659
DNB,20250717 10:07:40.218000,5864619,300,1811446,9.11,CINC,12639
DNB,20250717 10:07:42.396000,5870764,1,1811447,9.11,NQNX,12659
DNB,20250717 10:07:44.894000,5874631,300,1811747,9.11,CINC,12639
DNB,20250717 10:07:45.865000,5876280,10,1811757,9.1,NYSE,12659
DNB,20250717 10:07:47.151000,5878487,300,1812057,9.11,CINC,12639
DNB,20250717 10:07:47.169000,5878500,100,1812157,9.1,IEX,12544
DNB,20250717 10:07:47.169000,5878501,100,1812257,9.1,IEX,12544
DNB,20250717 10:07:48.569000,5881335,2,1812261,9.1,NQNX,12659
DNB,20250717 10:07:48.569000,5881334,2,1812259,9.1,IEX,12659
DNB,20250717 10:07:49.199000,5883006,300,1812561,9.11,CINC,12639
DNB,20250717 10:07:50.241000,5885772,1000,1813561,9.1,IEX,12544
DNB,20250717 10:07:53.600000,5893217,50,1813701,9.11,BATY,12659
DNB,20250717 10:07:53.600000,5893216,90,1813651,9.11,BATY,12659
DNB,20250717 10:07:53.600000,5893218,60,1813761,9.11,BOST,12659
DNB,20250717 10:07:56.029000,5897010,100,1814118,9.1,IEX,12544
DNB,20250717 10:07:56.029000,5897007,100,1813861,9.11,BATY,12639
DNB,20250717 10:07:56.029000,5897009,100,1814018,9.1,NQEX,12544
DNB,20250717 10:07:56.029000,5897008,57,1813918,9.1,BATS,12659
DNB,20250717 10:07:56.030000,5897014,100,1814418,9.1,NQNX,12544
DNB,20250717 10:07:56.030000,5897011,100,1814218,9.1,BATS,12544
DNB,20250717 10:07:56.030000,5897013,100,1814318,9.1,NQEX,12544
DNB,20250717 10:08:05.923000,5916747,800,1815218,9.1,NQNX,12544
DNB,20250717 10:08:14.231000,5937045,100,1815720,9.1,BATS,12544
DNB,20250717 10:08:14.231000,5937039,100,1815318,9.1,IEX,12544
DNB,20250717 10:08:14.231000,5937040,100,1815418,9.1,IEX,12544
DNB,20250717 10:08:14.231000,5937044,100,1815620,9.1,NQEX,12544
DNB,20250717 10:08:14.231000,5937043,2,1815520,9.1,EDGX,12659
DNB,20250717 10:08:14.231000,5937041,72,1815490,9.1,BATS,12659
DNB,20250717 10:08:14.231000,5937042,28,1815518,9.1,BATS,12659
DNB,20250717 10:08:14.232000,5937046,100,1815820,9.1,NQEX,12544
DNB,20250717 10:08:14.681000,5938769,100,1815920,9.1,NQNX,12544
DNB,20250717 10:08:38.266000,5993375,100,1816250,9.1,NQEX,12544
DNB,20250717 10:08:38.266000,5993372,100,1816020,9.1,BATS,12544
DNB,20250717 10:08:38.266000,5993374,100,1816150,9.1,PACF,12544
DNB,20250717 10:08:38.266000,5993373,30,1816050,9.1,EDGX,12659
DNB,20250717 10:08:38.267000,5993380,100,1816450,9.1,NQEX,12544
DNB,20250717 10:08:38.267000,5993376,100,1816350,9.1,BATS,12544
DNB,20250717 10:08:41.360000,5999155,101,1816652,9.1,IEX,12544
DNB,20250717 10:08:41.360000,5999154,101,1816551,9.1,IEX,12544
DNB,20250717 10:08:46.054000,6006223,12,1816664,9.1,NQNX,12659
DNB,20250717 10:08:57.671000,6034805,28,1816692,9.1,EDGX,12659
DNB,20250717 10:08:57.671000,6034809,100,1816992,9.1,BATS,12544
DNB,20250717 10:08:57.671000,6034806,100,1816792,9.1,BATS,12544
DNB,20250717 10:08:57.671000,6034808,100,1816892,9.1,NQEX,12544
DNB,20250717 10:08:57.672000,6034810,90,1817082,9.1,NQEX,12659
DNB,20250717 10:08:57.672000,6034811,10,1817092,9.1,NQEX,12659
DNB,20250717 10:08:59.781000,6039138,100,1817192,9.1,NQNX,12544
DNB,20250717 10:09:09.035000,6063896,100,1817292,9.1,NQNX,12544
DNB,20250717 10:09:14.770000,6075415,1,1817293,9.1,NQNX,12659
DNB,20250717 10:09:17.022000,6078841,100,1817619,9.1,BATS,12544
DNB,20250717 10:09:17.022000,6078835,100,1817393,9.1,BATS,12544
DNB,20250717 10:09:17.022000,6078837,100,1817519,9.1,NQEX,12544
DNB,20250717 10:09:17.022000,6078836,26,1817419,9.1,EDGX,12659
DNB,20250717 10:09:17.023000,6078848,30,1817719,9.1,NQEX,12659
DNB,20250717 10:09:17.023000,6078847,70,1817689,9.1,NQEX,12659
DNB,20250717 10:09:23.538000,6091539,100,1817819,9.1,NQNX,12544
DNB,20250717 10:09:31.926000,6110202,10,1817829,9.1,NYSE,12659
DNB,20250717 10:09:34.537000,6115783,86,1817916,9.1,BATS,12659
DNB,20250717 10:09:34.537000,6115782,1,1817830,9.1,BATS,12659
DNB,20250717 10:09:34.538000,6115784,100,1818016,9.1,NQEX,12544
DNB,20250717 10:09:34.539000,6115787,100,1818116,9.1,BATS,12544
DNB,20250717 10:09:34.540000,6115789,100,1818216,9.1,NQEX,12544
DNB,20250717 10:09:37.929000,6123000,101,1818418,9.1,NQNX,12544
DNB,20250717 10:09:37.929000,6122999,101,1818317,9.1,NQNX,12544
DNB,20250717 10:09:46.103000,6139204,47,1818465,9.1,NYSE,12659
DNB,20250717 10:09:46.329000,6139554,1,1818466,9.1,NQNX,12659
DNB,20250717 10:09:46.330000,6139555,1,1818467,9.1,NQNX,12659
DNB,20250717 10:09:48.834000,6143136,10,1818477,9.1,NQNX,12659
DNB,20250717 10:09:52.229000,6151562,12,1818489,9.1,NQNX,12659
DNB,20250717 10:09:55.427000,6161075,100,1818589,9.1,CINC,12639
DNB,20250717 10:09:55.428000,6161081,100,1818850,9.1,NQEX,12544
DNB,20250717 10:09:55.428000,6161080,61,1818750,9.1,EDGX,12659
DNB,20250717 10:09:55.428000,6161079,100,1818689,9.1,BATS,12544
DNB,20250717 10:09:55.429000,6161082,100,1818950,9.1,BATS,12544
DNB,20250717 10:09:55.429000,6161085,100,1819050,9.1,NQEX,12544
DNB,20250717 10:10:06.408000,6186644,100,1819150,9.1,NQNX,12544
DNB,20250717 10:10:14.622000,6204311,90,1819340,9.1,NQEX,12659
DNB,20250717 10:10:14.622000,6204312,10,1819350,9.1,NQEX,12659
DNB,20250717 10:10:14.622000,6204314,100,1819450,9.1,BATS,12544
DNB,20250717 10:10:14.622000,6204310,100,1819250,9.1,BATS,12544
DNB,20250717 10:10:14.623000,6204318,24,1819554,9.1,NQEX,12659
DNB,20250717 10:10:14.623000,6204317,80,1819530,9.1,NQEX,12659
DNB,20250717 10:10:21.409000,6219334,100,1819654,9.1,NQNX,12544
DNB,20250717 10:10:21.694000,6220501,2,1819656,9.1,IEX,12659
DNB,20250717 10:10:25.482000,6229914,166,1819822,9.1,NQNX,12544
DNB,20250717 10:10:33.107000,6242546,101,1819923,9.1,NQNX,12544
DNB,20250717 10:10:33.108000,6242548,100,1820106,9.1,NQEX,12544
DNB,20250717 10:10:33.108000,6242547,83,1820006,9.1,BATS,12659
DNB,20250717 10:10:33.109000,6242549,100,1820206,9.1,BATS,12544
DNB,20250717 10:10:33.109000,6242550,100,1820306,9.1,NQEX,12544
DNB,20250717 10:10:33.314000,6242826,11,1820317,9.1,NQNX,12659
DNB,20250717 10:10:36.078000,6247923,13,1820330,9.1,NQNX,12659
DNB,20250717 10:10:44.582000,6266039,100,1820430,9.1,NQNX,12544
DNB,20250717 10:10:46.487000,6269538,100,1820630,9.1,NQNX,12544
DNB,20250717 10:10:46.487000,6269537,100,1820530,9.1,NQNX,12544
DNB,20250717 10:10:52.313000,6280735,98,1820728,9.1,BATS,12659
DNB,20250717 10:10:52.313000,6280738,100,1820928,9.1,BATS,12544
DNB,20250717 10:10:52.313000,6280737,100,1820828,9.1,NQEX,12544
DNB,20250717 10:10:52.314000,6280740,100,1821028,9.1,NQEX,12544
DNB,20250717 10:10:56.303000,6290327,100,1821128,9.1,NYSE,12544
DNB,20250717 10:11:10.554000,6321560,100,1821228,9.1,NQNX,12544
DNB,20250717 10:11:11.317000,6323696,94,1821322,9.1,BATS,12659
DNB,20250717 10:11:11.317000,6323698,100,1821422,9.1,NQEX,12544
DNB,20250717 10:11:11.318000,6323705,100,1821622,9.1,NQEX,12544
DNB,20250717 10:11:11.318000,6323703,100,1821522,9.1,BATS,12544
DNB,20250717 10:11:13.677000,6332155,100,1821722,9.1,NQNX,12544
DNB,20250717 10:11:13.677000,6332157,100,1821822,9.1,NQNX,12544
DNB,20250717 10:11:18.821000,6341715,70,1821892,9.11,NQNX,12659
DNB,20250717 10:11:22.478000,6349911,1,1821893,9.1,NQNX,12659
DNB,20250717 10:11:22.682000,6350433,10,1821903,9.1,NYSE,12659
DNB,20250717 10:11:29.675000,6363239,100,1822084,9.1,NQEX,12544
DNB,20250717 10:11:29.675000,6363234,81,1821984,9.1,BATS,12659
DNB,20250717 10:11:29.676000,6363241,100,1822184,9.1,BATS,12544
DNB,20250717 10:11:29.676000,6363244,100,1822284,9.1,NQEX,12544
DNB,20250717 10:11:32.518000,6368427,100,1822384,9.1,NQNX,12548
DNB,20250717 10:11:41.898000,6387803,101,1822485,9.1,NQNX,12544
DNB,20250717 10:11:41.899000,6387804,101,1822586,9.1,NQNX,12544
DNB,20250717 10:11:42.202000,6388349,10,1822596,9.1,NQNX,12659
DNB,20250717 10:11:48.675000,6404248,100,1822696,9.1,NQEX,12544
DNB,20250717 10:11:48.676000,6404249,294,1822990,9.1,NQEX,12544
DNB,20250717 10:11:51.099000,6410824,2,1822992,9.1,NQNX,12659
DNB,20250717 10:12:07.583000,6443066,100,1823284,9.1,BATS,12544
DNB,20250717 10:12:07.583000,6443063,92,1823084,9.1,BATS,12659
DNB,20250717 10:12:07.583000,6443065,100,1823184,9.1,NQEX,12544
DNB,20250717 10:12:07.584000,6443067,100,1823384,9.1,NQEX,12544
DNB,20250717 10:12:08.857000,6446974,1,1823385,9.11,NQNX,12659
DNB,20250717 10:12:10.298000,6451061,100,1823485,9.1,NQNX,12544
DNB,20250717 10:12:10.298000,6451062,100,1823585,9.1,NQNX,12544
DNB,20250717 10:12:20.179000,6478877,1,1823586,9.1,NQNX,12659
DNB,20250717 10:12:20.180000,6478879,1,1823587,9.1,NQNX,12659
DNB,20250717 10:12:26.877000,6492778,100,1823687,9.1,BATS,12544
DNB,20250717 10:12:26.877000,6492780,100,1823787,9.1,NQEX,12544
DNB,20250717 10:12:26.877000,6492783,100,1823887,9.1,BATS,12544
DNB,20250717 10:12:26.878000,6492786,100,1823987,9.1,NQEX,12544
DNB,20250717 10:12:39.280000,6518480,101,1824088,9.1,NQNX,12544
DNB,20250717 10:12:39.280000,6518481,101,1824189,9.1,NQNX,12544
DNB,20250717 10:12:46.763000,6535508,100,1824289,9.1,NQEX,12544
DNB,20250717 10:12:46.764000,6535512,312,1824601,9.1,NQEX,12544
DNB,20250717 10:12:48.052000,6537770,11,1824612,9.1,NQNX,12659
DNB,20250717 10:12:48.413000,6538486,32,1824644,9.1,NQNX,12659
DNB,20250717 10:12:49.414000,6540568,1,1824645,9.1,NQNX,12659
DNB,20250717 10:12:59.684000,6558332,200,1824845,9.1,NQNX,12544
DNB,20250717 10:13:01.071000,6561943,47,1824892,9.1,NYSE,12659
DNB,20250717 10:13:06.190000,6573749,100,1824992,9.1,NQEX,12544
DNB,20250717 10:13:06.191000,6573752,303,1825295,9.1,NQEX,12544
DNB,20250717 10:13:08.091000,6579694,100,1825495,9.1,NQNX,12544
DNB,20250717 10:13:08.091000,6579693,100,1825395,9.1,NQNX,12544
DNB,20250717 10:13:12.531000,6591277,1,1825496,9.11,NQNX,12659
DNB,20250717 10:13:13.485000,6592956,10,1825506,9.1,NYSE,12659
DNB,20250717 10:13:18.486000,6602238,1,1825507,9.1,NQNX,12659
DNB,20250717 10:13:24.838000,6615557,100,1825693,9.1,NQEX,12544
DNB,20250717 10:13:24.838000,6615556,86,1825593,9.1,BATS,12659
DNB,20250717 10:13:24.838000,6615558,100,1825793,9.1,BATS,12544
DNB,20250717 10:13:24.839000,6615559,100,1825893,9.1,NQEX,12544
DNB,20250717 10:13:31.993000,6628749,10,1825903,9.1,NQNX,12659
DNB,20250717 10:13:32.791000,6629930,14,1825917,9.1,CINC,12659
DNB,20250717 10:13:32.799000,6629992,300,1826217,9.1,NQNX,12544
DNB,20250717 10:13:36.625000,6636737,101,1826318,9.1,NQNX,12544
DNB,20250717 10:13:43.823000,6650300,100,1826712,9.1,NQEX,12544
DNB,20250717 10:13:43.823000,6650299,100,1826612,9.1,BATS,12544
DNB,20250717 10:13:43.823000,6650298,100,1826512,9.1,NQEX,12544
DNB,20250717 10:13:43.823000,6650297,94,1826412,9.1,BATS,12659
DNB,20250717 10:13:46.652000,6657151,1,1826713,9.1,NQNX,12659
DNB,20250717 10:13:47.424000,6658469,1,1826714,9.1,NQNX,12659
DNB,20250717 10:13:47.424000,6658470,1,1826715,9.1,NQNX,12659
DNB,20250717 10:13:49.105000,6661301,1,1826716,9.1,BATS,12659
DNB,20250717 10:13:50.924000,6664847,100,1826816,9.1,NQNX,12544
DNB,20250717 10:13:51.156000,6665249,100,1826916,9.1,NYSE,12544
DNB,20250717 10:14:02.896000,6689081,95,1827011,9.1,BATS,12659
DNB,20250717 10:14:02.896000,6689090,100,1827211,9.1,BATS,12544
DNB,20250717 10:14:02.896000,6689083,100,1827111,9.1,NQEX,12544
DNB,20250717 10:14:02.897000,6689094,67,1827278,9.1,NQEX,12659
DNB,20250717 10:14:02.897000,6689095,33,1827311,9.1,NQEX,12659
DNB,20250717 10:14:05.520000,6695193,101,1827412,9.1,NQNX,12544
DNB,20250717 10:14:05.520000,6695194,101,1827513,9.1,NQNX,12544
DNB,20250717 10:14:11.665000,6707170,1,1827514,9.1,NYSE,12659
DNB,20250717 10:14:12.465000,6709018,54,1827568,9.11,NQNX,12659
DNB,20250717 10:14:21.688000,6725575,100,1827668,9.1,NQEX,12544
DNB,20250717 10:14:21.689000,6725578,290,1827958,9.1,NQEX,12544
DNB,20250717 10:14:35.940000,6757429,100,1828058,9.1,NQNX,12544
DNB,20250717 10:14:35.940000,6757431,100,1828158,9.1,NQNX,12544
DNB,20250717 10:14:36.259000,6758141,100,1828258,9.1,NYSE,12544
DNB,20250717 10:14:38.449000,6761842,11,1828269,9.1,NQNX,12659
DNB,20250717 10:14:39.061000,6762998,100,1828369,9.1,CINC,12639
DNB,20250717 10:14:41.066000,6766726,100,1828469,9.1,NQEX,12544
DNB,20250717 10:14:41.067000,6766728,301,1828770,9.1,NQEX,12544
DNB,20250717 10:15:00.483000,6808284,100,1828870,9.1,NQEX,12544
DNB,20250717 10:15:00.484000,6808287,302,1829172,9.1,NQEX,12544
DNB,20250717 10:15:05.629000,6818181,101,1829374,9.1,NQNX,12544
DNB,20250717 10:15:05.629000,6818180,101,1829273,9.1,NQNX,12544
DNB,20250717 10:15:17.291000,6840683,5,1829379,9.1,NYSE,12659
DNB,20250717 10:15:19.263000,6843355,100,1829479,9.1,NQEX,12544
DNB,20250717 10:15:19.264000,6843359,263,1829742,9.1,NQEX,12544
DNB,20250717 10:15:32.728000,6873583,100,1829942,9.1,NQNX,12544
DNB,20250717 10:15:32.728000,6873582,100,1829842,9.1,NQNX,12544
DNB,20250717 10:15:35.568000,6878546,2,1829944,9.1,NYSE,12659
DNB,20250717 10:15:36.861000,6880737,100,1830044,9.1,NYSE,12544
DNB,20250717 10:15:38.344000,6894472,100,1830144,9.1,NQEX,12544
DNB,20250717 10:15:38.345000,6894475,269,1830413,9.1,NQEX,12544
DNB,20250717 10:15:41.875000,6906741,10,1830423,9.1,NYSE,12659
DNB,20250717 10:15:44.206000,6912298,11,1830434,9.1,NQNX,12659
DNB,20250717 10:15:44.320000,6912560,1,1830435,9.1,NQNX,12659
DNB,20250717 10:15:57.202000,6943422,58,1830535,9.1,NQEX,12659
DNB,20250717 10:15:57.202000,6943421,42,1830477,9.1,NQEX,12659
DNB,20250717 10:15:57.203000,6943424,264,1830799,9.1,NQEX,12544
DNB,20250717 10:16:16.584000,6984992,100,1830899,9.1,NQEX,12544
DNB,20250717 10:16:16.585000,6984997,100,1830999,9.1,PACF,12544
DNB,20250717 10:16:16.585000,6985001,175,1831174,9.1,PACF,12544
DNB,20250717 10:16:17.835000,6987648,25,1831199,9.1,NQNX,12659
DNB,20250717 10:16:17.835000,6987649,25,1831224,9.1,NQNX,12659
DNB,20250717 10:16:35.805000,7044284,100,1831324,9.1,NQEX,12544
DNB,20250717 10:16:35.806000,7044296,171,1831595,9.1,PACF,12544
DNB,20250717 10:16:35.806000,7044292,100,1831424,9.1,PACF,12544
DNB,20250717 10:16:40.057000,7058331,200,1831795,9.1,NQNX,12544
DNB,20250717 10:16:47.000000,7074220,25,1831845,9.1,NQNX,12659
DNB,20250717 10:16:47.000000,7074219,25,1831820,9.1,NQNX,12659
DNB,20250717 10:16:47.095000,7074555,47,1831892,9.1,NYSE,12659
DNB,20250717 10:16:50.496000,7081455,10,1831902,9.1,NQNX,12659
DNB,20250717 10:16:55.086000,7089183,100,1832002,9.1,NQEX,12544
DNB,20250717 10:16:55.087000,7089185,273,1832275,9.1,NQEX,12544
DNB,20250717 10:16:59.551000,7096739,100,1832375,9.1,NQNX,12544
DNB,20250717 10:17:10.586000,7120990,10,1832385,9.1,NYSE,12659
DNB,20250717 10:17:13.663000,7128351,26,1832411,9.1,NQNX,12659
DNB,20250717 10:17:13.663000,7128352,26,1832437,9.1,NQNX,12659
DNB,20250717 10:17:14.157000,7129518,100,1832537,9.1,NQEX,12544
DNB,20250717 10:17:14.158000,7129519,269,1832806,9.1,NQEX,12544
DNB,20250717 10:17:32.281000,7166984,10,1832816,9.1,NQNX,12659
DNB,20250717 10:17:32.281000,7166985,10,1832826,9.1,NQNX,12659
DNB,20250717 10:17:33.476000,7169234,100,1832926,9.1,NQEX,12544
DNB,20250717 10:17:33.477000,7169236,273,1833199,9.1,NQEX,12544
DNB,20250717 10:17:34.323000,7170314,11,1833210,9.1,NQNX,12659
DNB,20250717 10:17:35.848000,7172596,100,1833310,9.1,NYSE,12544
DNB,20250717 10:17:37.081000,7174955,538,1833848,9.1,NQNX,12544
DNB,20250717 10:17:37.081000,7174957,100,1834048,9.1,IEX,12544
DNB,20250717 10:17:37.081000,7174956,100,1833948,9.1,NQNX,12544
DNB,20250717 10:17:38.346000,7179046,10,1834058,9.1,NQNX,12659
DNB,20250717 10:17:43.081000,7188714,11,1834080,9.1,IEX,12659
DNB,20250717 10:17:43.081000,7188713,11,1834069,9.1,NQNX,12659
DNB,20250717 10:17:54.001000,7208662,10,1834090,9.1,IEX,12659
DNB,20250717 10:17:54.001000,7208663,10,1834100,9.1,IEX,12659
DNB,20250717 10:18:04.751000,7232716,11,1834122,9.1,NQNX,12659
DNB,20250717 10:18:04.751000,7232715,11,1834111,9.1,IEX,12659
DNB,20250717 10:18:15.426000,7255494,10,1834142,9.1,IEX,12659
DNB,20250717 10:18:15.426000,7255493,10,1834132,9.1,IEX,12659
DNB,20250717 10:18:26.080000,7278133,11,1834153,9.1,NQNX,12659
DNB,20250717 10:18:31.455000,7286898,10,1834163,9.1,NQNX,12659
DNB,20250717 10:18:31.455000,7286899,10,1834173,9.1,NQNX,12659
DNB,20250717 10:18:40.209000,7315033,10,1834183,9.1,NQNX,12659
DNB,20250717 10:18:41.446000,7316967,1,1834184,9.1,NQNX,12659
DNB,20250717 10:18:53.655000,7338760,5,1834189,9.1,NQNX,12659
DNB,20250717 10:18:53.655000,7338761,5,1834194,9.1,NQNX,12659
DNB,20250717 10:18:58.071000,7345436,10,1834204,9.1,NYSE,12659
DNB,20250717 10:18:59.595000,7348140,100,1834304,9.1,NQNX,12544
DNB,20250717 10:19:08.491000,7368177,28,1834332,9.1,NQNX,12659
DNB,20250717 10:19:09.531000,7370820,5,1834337,9.1,NQNX,12659
DNB,20250717 10:19:09.531000,7370821,5,1834342,9.1,NQNX,12659
DNB,20250717 10:19:25.778000,7405334,5,1834352,9.1,NQNX,12659
DNB,20250717 10:19:25.778000,7405333,5,1834347,9.1,NQNX,12659
DNB,20250717 10:19:34.078000,7420806,100,1834784,9.1,NQNX,12544
DNB,20250717 10:19:34.078000,7420805,332,1834684,9.1,NQNX,12544
DNB,20250717 10:19:34.079000,7420807,132,1834916,9.1,NQNX,12544
DNB,20250717 10:19:34.340000,7421351,100,1835016,9.1,CINC,12639
DNB,20250717 10:19:42.141000,7434202,5,1835021,9.1,NQNX,12659
DNB,20250717 10:19:42.142000,7434203,5,1835026,9.1,NQNX,12659
DNB,20250717 10:19:46.407000,7442103,11,1835037,9.1,NQNX,12659
DNB,20250717 10:19:52.713000,7458221,100,1835137,9.1,NYSE,12544
DNB,20250717 10:19:53.530000,7460059,2,1835139,9.1,NQNX,12659
DNB,20250717 10:19:55.039000,7463466,21,1835160,9.1,NQNX,12659
DNB,20250717 10:19:55.039000,7463467,25,1835185,9.1,NQNX,12659
DNB,20250717 10:19:55.040000,7463468,16,1835201,9.1,NQNX,12659
DNB,20250717 10:19:56.830000,7470493,2,1835203,9.1,NQNX,12659
DNB,20250717 10:20:00.030000,7478855,2,1835205,9.1,NQNX,12659
DNB,20250717 10:20:00.030000,7478856,2,1835207,9.1,NQNX,12659
