SymbolId,CurrentTime,Index,Bid,BidSize,Ask,AskSize,BidCondition,AskCondition,BidExchange,AskExchange
FOXO,20250717 04:00:04.640000,0,0.14,42,0.14,1,REGULAR,REGULAR,PACF,10305
FOXO,20250717 04:00:04.640000,0,0.14,42,0.14,1,REGULAR,REGULAR,PACF,10305
FOXO,20250717 04:00:05.593000,0,0.14,42,0.14,1,REGULAR,REGULAR,PACF,10305
FOXO,20250717 04:00:06.525000,0,0.13,1,0.14,67,REGULAR,REGULAR,EDGX,10247
FOXO,20250717 04:00:13.273000,0,0.13,1,0.14,17,REGULAR,REGULAR,EDGX,10241
FOXO,20250717 04:00:20.559000,0,0.13,1,0.14,17,REGULAR,REGULAR,EDGX,10241
FOXO,20250717 04:00:29.017000,0,0.13,16,0.14,17,REGULAR,REGULAR,EDGX,10241
FOXO,20250717 04:00:48.859000,0,0.13,16,0.14,17,REGULAR,REGULAR,EDGX,10241
FOXO,20250717 04:00:50.765000,0,0.13,16,0.13,46,REGULAR,REGULAR,EDGX,10247
FOXO,20250717 04:00:53.235000,0,0.13,16,0.13,46,REGULAR,REGULAR,EDGX,10247
FOXO,20250717 04:00:55.387000,0,0.13,16,0.13,46,REGULAR,REGULAR,EDGX,10247
FOXO,20250717 04:01:01.396000,0,0.13,1,0.14,17,REGULAR,REGULAR,EDGX,10241
FOXO,20250717 04:01:25.270000,0,0.13,1,0.13,45,REGULAR,REGULAR,EDGX,10305
FOXO,20250717 04:02:27.556000,0,0.13,10,0.13,139,REGULAR,REGULAR,PACF,10305
FOXO,20250717 04:02:27.557000,0,0.13,1,0.13,139,REGULAR,REGULAR,PACF,10305
FOXO,20250717 04:02:30.101000,0,0.13,1,0.13,139,REGULAR,REGULAR,PACF,10305
FOXO,20250717 04:02:47.693000,0,0.13,64,0.13,139,REGULAR,REGULAR,EDGX,10305
FOXO,20250717 04:02:47.693000,0,0.13,64,0.13,139,REGULAR,REGULAR,EDGX,10305
FOXO,20250717 04:02:47.693000,0,0.13,64,0.13,139,REGULAR,REGULAR,EDGX,10305
FOXO,20250717 04:02:47.693000,0,0.13,64,0.13,139,REGULAR,REGULAR,EDGX,10305
FOXO,20250717 04:02:47.693000,0,0.13,64,0.13,139,REGULAR,REGULAR,EDGX,10305
FOXO,20250717 04:02:47.693000,0,0.13,64,0.13,139,REGULAR,REGULAR,EDGX,10305
FOXO,20250717 04:03:13.808000,0,0.13,64,0.13,39,REGULAR,REGULAR,EDGX,10247
FOXO,20250717 04:03:37.746000,0,0.13,100,0.13,39,REGULAR,REGULAR,PACF,10247
FOXO,20250717 04:03:37.746000,0,0.13,100,0.13,39,REGULAR,REGULAR,PACF,10247
FOXO,20250717 04:03:39.389000,0,0.13,100,0.13,39,REGULAR,REGULAR,PACF,10247
FOXO,20250717 04:03:43.329000,0,0.13,100,0.13,39,REGULAR,REGULAR,PACF,10247
FOXO,20250717 04:03:43.345000,0,0.13,100,0.13,39,REGULAR,REGULAR,PACF,10247
FOXO,20250717 04:03:52.204000,0,0.13,100,0.13,39,REGULAR,REGULAR,PACF,10247
FOXO,20250717 04:03:52.264000,0,0.13,100,0.13,39,REGULAR,REGULAR,PACF,10247
FOXO,20250717 04:03:56.302000,0,0.13,100,0.13,39,REGULAR,REGULAR,PACF,10247
FOXO,20250717 04:03:59.429000,0,0.13,100,0.13,39,REGULAR,REGULAR,PACF,10247
FOXO,20250717 04:04:01.332000,0,0.13,100,0.13,39,REGULAR,REGULAR,PACF,10247
FOXO,20250717 04:04:03.284000,0,0.13,100,0.13,39,REGULAR,REGULAR,PACF,10247
FOXO,20250717 04:04:04.289000,0,0.13,100,0.13,39,REGULAR,REGULAR,PACF,10247
FOXO,20250717 04:04:14.189000,0,0.13,100,0.13,39,REGULAR,REGULAR,PACF,10247
FOXO,20250717 04:04:17.328000,0,0.13,100,0.13,49,REGULAR,REGULAR,PACF,10247
FOXO,20250717 04:04:25.227000,0,0.13,100,0.13,49,REGULAR,REGULAR,PACF,10247
FOXO,20250717 04:04:25.261000,0,0.13,5,0.13,49,REGULAR,REGULAR,PACF,10247
FOXO,20250717 04:04:26.311000,0,0.13,5,0.13,49,REGULAR,REGULAR,PACF,10247
FOXO,20250717 04:04:33.817000,0,0.13,5,0.13,49,REGULAR,REGULAR,PACF,10247
FOXO,20250717 04:04:35.265000,0,0.13,5,0.13,49,REGULAR,REGULAR,PACF,10247
FOXO,20250717 04:04:41.269000,0,0.13,5,0.13,189,REGULAR,REGULAR,PACF,10247
FOXO,20250717 04:04:42.424000,0,0.13,5,0.13,189,REGULAR,REGULAR,PACF,10247
FOXO,20250717 04:04:49.980000,0,0.13,5,0.13,149,REGULAR,REGULAR,PACF,10247
FOXO,20250717 04:04:49.980000,0,0.13,5,0.13,149,REGULAR,REGULAR,PACF,10247
FOXO,20250717 04:04:49.982000,0,0.13,5,0.13,149,REGULAR,REGULAR,PACF,10247
FOXO,20250717 04:04:49.982000,0,0.13,5,0.13,149,REGULAR,REGULAR,PACF,10247
FOXO,20250717 04:05:26.408000,0,0.13,5,0.13,149,REGULAR,REGULAR,PACF,10247
FOXO,20250717 04:05:26.855000,0,0.13,5,0.13,149,REGULAR,REGULAR,PACF,10247
FOXO,20250717 04:05:27.340000,0,0.13,5,0.13,149,REGULAR,REGULAR,PACF,10247
FOXO,20250717 04:05:27.833000,0,0.13,5,0.13,149,REGULAR,REGULAR,PACF,10247
FOXO,20250717 04:05:28.350000,0,0.13,5,0.13,149,REGULAR,REGULAR,PACF,10247
FOXO,20250717 04:05:28.877000,0,0.13,5,0.13,149,REGULAR,REGULAR,PACF,10247
FOXO,20250717 04:05:29.670000,0,0.13,5,0.13,149,REGULAR,REGULAR,PACF,10247
FOXO,20250717 04:05:30.200000,0,0.13,5,0.13,149,REGULAR,REGULAR,PACF,10247
FOXO,20250717 04:05:30.720000,0,0.13,50,0.13,1,REGULAR,REGULAR,PACF,10247
FOXO,20250717 04:05:30.720000,0,0.13,50,0.13,1,REGULAR,REGULAR,PACF,10247
FOXO,20250717 04:05:30.720000,0,0.13,50,0.13,1,REGULAR,REGULAR,PACF,10247
FOXO,20250717 04:05:31.072000,0,0.13,50,0.13,1,REGULAR,REGULAR,PACF,10247
FOXO,20250717 04:05:31.728000,0,0.13,50,0.13,149,REGULAR,REGULAR,PACF,10247
FOXO,20250717 04:05:36.300000,0,0.13,50,0.13,149,REGULAR,REGULAR,PACF,10247
FOXO,20250717 04:05:36.300000,0,0.13,50,0.13,149,REGULAR,REGULAR,PACF,10247
FOXO,20250717 04:05:36.811000,0,0.13,50,0.13,149,REGULAR,REGULAR,PACF,10247
FOXO,20250717 04:05:38.158000,0,0.13,50,0.13,149,REGULAR,REGULAR,PACF,10247
FOXO,20250717 04:05:53.071000,0,0.13,50,0.13,149,REGULAR,REGULAR,PACF,10247
FOXO,20250717 04:05:55.171000,0,0.13,50,0.13,149,REGULAR,REGULAR,PACF,10247
FOXO,20250717 04:06:17.349000,0,0.13,50,0.13,149,REGULAR,REGULAR,PACF,10247
FOXO,20250717 04:06:44.167000,0,0.13,50,0.13,149,REGULAR,REGULAR,PACF,10247
FOXO,20250717 04:06:44.167000,0,0.13,50,0.13,149,REGULAR,REGULAR,PACF,10247
FOXO,20250717 04:06:53.727000,0,0.13,50,0.13,149,REGULAR,REGULAR,PACF,10247
FOXO,20250717 04:07:11.199000,0,0.13,50,0.13,1,REGULAR,REGULAR,PACF,10247
FOXO,20250717 04:08:09.220000,0,0.13,50,0.13,7,REGULAR,REGULAR,PACF,10247
FOXO,20250717 04:08:13.592000,0,0.13,50,0.13,39,REGULAR,REGULAR,PACF,10305
FOXO,20250717 04:08:21.700000,0,0.13,50,0.13,39,REGULAR,REGULAR,PACF,10305
FOXO,20250717 04:09:07.605000,0,0.13,50,0.13,39,REGULAR,REGULAR,PACF,10305
FOXO,20250717 04:09:32.036000,0,0.13,50,0.13,39,REGULAR,REGULAR,PACF,10305
FOXO,20250717 04:10:11.714000,0,0.13,50,0.13,39,REGULAR,REGULAR,PACF,10305
FOXO,20250717 04:10:12.313000,0,0.13,50,0.13,39,REGULAR,REGULAR,PACF,10305
FOXO,20250717 04:10:12.313000,0,0.13,50,0.13,39,REGULAR,REGULAR,PACF,10305
FOXO,20250717 04:10:14.047000,0,0.13,50,0.13,39,REGULAR,REGULAR,PACF,10305
FOXO,20250717 04:10:15.350000,0,0.13,50,0.13,39,REGULAR,REGULAR,PACF,10305
FOXO,20250717 04:10:45.668000,0,0.13,50,0.13,40,REGULAR,REGULAR,PACF,10305
FOXO,20250717 04:11:19.292000,0,0.13,50,0.13,40,REGULAR,REGULAR,PACF,10305
FOXO,20250717 04:11:39.067000,0,0.13,50,0.13,40,REGULAR,REGULAR,PACF,10305
FOXO,20250717 04:15:08.445000,0,0.13,3,0.13,40,REGULAR,REGULAR,PACF,10305
FOXO,20250717 04:16:06.216000,0,0.13,10,0.13,40,REGULAR,REGULAR,PACF,10305
FOXO,20250717 04:16:06.216000,0,0.13,10,0.13,40,REGULAR,REGULAR,PACF,10305
FOXO,20250717 04:17:02.799000,0,0.13,10,0.13,40,REGULAR,REGULAR,PACF,10305
FOXO,20250717 04:17:18.347000,0,0.13,10,0.13,40,REGULAR,REGULAR,PACF,10305
FOXO,20250717 04:19:38.790000,0,0.13,2,0.13,40,REGULAR,REGULAR,EDGX,10305
FOXO,20250717 04:19:38.790000,0,0.13,2,0.13,40,REGULAR,REGULAR,EDGX,10305
FOXO,20250717 04:20:05.661000,0,0.13,2,0.13,40,REGULAR,REGULAR,EDGX,10305
FOXO,20250717 04:20:28.872000,0,0.13,2,0.13,40,REGULAR,REGULAR,EDGX,10305
FOXO,20250717 04:21:13.198000,0,0.13,1,0.13,40,REGULAR,REGULAR,EDGX,10305
FOXO,20250717 04:21:18.429000,0,0.13,1,0.13,40,REGULAR,REGULAR,EDGX,10305
FOXO,20250717 04:21:18.429000,0,0.13,1,0.13,40,REGULAR,REGULAR,EDGX,10305
FOXO,20250717 04:22:45.536000,0,0.13,1,0.13,24,REGULAR,REGULAR,EDGX,10313
FOXO,20250717 04:23:40.933000,0,0.13,1,0.13,24,REGULAR,REGULAR,EDGX,10313
FOXO,20250717 04:23:50.843000,0,0.13,1,0.13,24,REGULAR,REGULAR,EDGX,10313
FOXO,20250717 04:23:50.843000,0,0.13,1,0.13,24,REGULAR,REGULAR,EDGX,10313
FOXO,20250717 04:23:50.843000,0,0.13,1,0.13,24,REGULAR,REGULAR,EDGX,10313
FOXO,20250717 04:25:50.122000,0,0.13,10,0.13,1,REGULAR,REGULAR,PACF,10247
FOXO,20250717 04:25:50.122000,0,0.13,10,0.13,1,REGULAR,REGULAR,PACF,10247
FOXO,20250717 04:25:50.122000,0,0.13,10,0.13,1,REGULAR,REGULAR,PACF,10247
FOXO,20250717 04:25:50.122000,0,0.13,10,0.13,1,REGULAR,REGULAR,PACF,10247
FOXO,20250717 04:27:05.852000,0,0.13,10,0.13,24,REGULAR,REGULAR,PACF,10313
FOXO,20250717 04:27:23.698000,0,0.13,10,0.13,24,REGULAR,REGULAR,PACF,10313
FOXO,20250717 04:27:36.330000,0,0.13,10,0.13,24,REGULAR,REGULAR,PACF,10313
FOXO,20250717 04:28:25.057000,0,0.13,10,0.13,24,REGULAR,REGULAR,PACF,10313
FOXO,20250717 04:28:51.055000,0,0.13,10,0.13,24,REGULAR,REGULAR,PACF,10313
FOXO,20250717 04:29:08.457000,0,0.13,10,0.13,24,REGULAR,REGULAR,PACF,10313
FOXO,20250717 04:31:04.404000,0,0.13,10,0.13,24,REGULAR,REGULAR,PACF,10313
FOXO,20250717 04:31:10.655000,0,0.13,10,0.13,24,REGULAR,REGULAR,PACF,10313
FOXO,20250717 04:31:11.901000,0,0.13,10,0.13,24,REGULAR,REGULAR,PACF,10313
FOXO,20250717 04:31:27.075000,0,0.13,10,0.13,24,REGULAR,REGULAR,PACF,10313
FOXO,20250717 04:32:14.927000,0,0.13,10,0.13,24,REGULAR,REGULAR,PACF,10313
FOXO,20250717 04:32:54.615000,0,0.13,10,0.13,24,REGULAR,REGULAR,PACF,10313
FOXO,20250717 04:33:21.395000,0,0.13,10,0.13,24,REGULAR,REGULAR,PACF,10313
FOXO,20250717 04:35:58.901000,0,0.13,10,0.13,24,REGULAR,REGULAR,PACF,10313
FOXO,20250717 04:37:10.830000,0,0.13,10,0.13,69,REGULAR,REGULAR,PACF,10247
FOXO,20250717 04:37:10.830000,0,0.13,10,0.13,69,REGULAR,REGULAR,PACF,10247
FOXO,20250717 04:39:02.121000,0,0.13,10,0.13,69,REGULAR,REGULAR,PACF,10247
FOXO,20250717 04:39:34.361000,0,0.13,10,0.13,69,REGULAR,REGULAR,PACF,10247
FOXO,20250717 04:39:52.071000,0,0.13,10,0.13,69,REGULAR,REGULAR,PACF,10247
FOXO,20250717 04:40:00.722000,0,0.13,10,0.13,69,REGULAR,REGULAR,PACF,10247
FOXO,20250717 04:40:31.405000,0,0.13,10,0.13,69,REGULAR,REGULAR,PACF,10247
FOXO,20250717 04:40:43.260000,0,0.13,10,0.13,69,REGULAR,REGULAR,PACF,10247
FOXO,20250717 04:41:03.297000,0,0.13,10,0.13,69,REGULAR,REGULAR,PACF,10247
FOXO,20250717 04:41:10.734000,0,0.13,10,0.13,69,REGULAR,REGULAR,PACF,10247
FOXO,20250717 04:41:18.500000,0,0.13,10,0.13,69,REGULAR,REGULAR,PACF,10247
FOXO,20250717 04:41:34.883000,0,0.13,10,0.13,69,REGULAR,REGULAR,PACF,10247
FOXO,20250717 04:42:28.366000,0,0.13,10,0.13,69,REGULAR,REGULAR,PACF,10247
FOXO,20250717 04:43:27.741000,0,0.13,10,0.13,69,REGULAR,REGULAR,PACF,10247
FOXO,20250717 04:45:02.477000,0,0.13,10,0.13,12,REGULAR,REGULAR,PACF,10305
FOXO,20250717 04:45:33.380000,0,0.13,1,0.13,24,REGULAR,REGULAR,PACF,10313
FOXO,20250717 04:45:33.380000,0,0.13,1,0.13,24,REGULAR,REGULAR,PACF,10313
FOXO,20250717 04:45:33.381000,0,0.13,1,0.13,24,REGULAR,REGULAR,PACF,10313
FOXO,20250717 04:45:46.484000,0,0.13,10,0.13,24,REGULAR,REGULAR,PACF,10313
FOXO,20250717 04:46:11.565000,0,0.13,10,0.13,24,REGULAR,REGULAR,PACF,10313
FOXO,20250717 04:51:29.922000,0,0.13,10,0.13,24,REGULAR,REGULAR,PACF,10313
FOXO,20250717 04:51:45.822000,0,0.13,10,0.13,24,REGULAR,REGULAR,PACF,10313
FOXO,20250717 04:51:54.763000,0,0.13,10,0.13,24,REGULAR,REGULAR,PACF,10313
FOXO,20250717 04:52:20.653000,0,0.13,10,0.13,24,REGULAR,REGULAR,PACF,10313
FOXO,20250717 04:52:33.552000,0,0.13,10,0.13,21,REGULAR,REGULAR,PACF,10313
FOXO,20250717 04:52:33.552000,0,0.13,10,0.13,21,REGULAR,REGULAR,PACF,10313
FOXO,20250717 04:52:45.942000,0,0.13,10,0.13,16,REGULAR,REGULAR,PACF,10313
FOXO,20250717 04:53:08.691000,0,0.13,1,0.13,8,REGULAR,REGULAR,PACF,10313
FOXO,20250717 04:53:08.691000,0,0.13,1,0.13,8,REGULAR,REGULAR,PACF,10313
FOXO,20250717 04:53:08.692000,0,0.13,1,0.13,2,REGULAR,REGULAR,PACF,10313
FOXO,20250717 04:53:08.692000,0,0.13,1,0.13,2,REGULAR,REGULAR,PACF,10313
FOXO,20250717 04:53:08.692000,0,0.13,1,0.13,2,REGULAR,REGULAR,PACF,10313
FOXO,20250717 04:53:08.692000,0,0.13,1,0.13,2,REGULAR,REGULAR,PACF,10313
FOXO,20250717 04:54:11.780000,0,0.13,1,0.13,15,REGULAR,REGULAR,PACF,10247
FOXO,20250717 04:54:11.780000,0,0.13,1,0.13,15,REGULAR,REGULAR,PACF,10247
FOXO,20250717 04:54:11.780000,0,0.13,1,0.13,15,REGULAR,REGULAR,PACF,10247
FOXO,20250717 04:54:11.781000,0,0.13,1,0.14,17,REGULAR,REGULAR,PACF,10241
FOXO,20250717 04:54:11.781000,0,0.13,1,0.14,17,REGULAR,REGULAR,PACF,10241
FOXO,20250717 04:54:11.782000,0,0.14,46,0.14,1,REGULAR,REGULAR,EDGX,10305
FOXO,20250717 04:54:11.782000,0,0.14,46,0.14,1,REGULAR,REGULAR,EDGX,10305
FOXO,20250717 04:54:40.632000,0,0.14,45,0.14,1,REGULAR,REGULAR,NQEX,10305
FOXO,20250717 04:55:44.580000,0,0.13,10,0.14,20,REGULAR,REGULAR,PACF,10247
FOXO,20250717 04:55:48.821000,0,0.13,10,0.14,20,REGULAR,REGULAR,PACF,10247
FOXO,20250717 04:57:08.426000,0,0.14,10,0.14,20,REGULAR,REGULAR,PACF,10247
FOXO,20250717 04:57:22.768000,0,0.14,10,0.14,20,REGULAR,REGULAR,PACF,10247
FOXO,20250717 04:57:27.293000,0,0.14,10,0.14,20,REGULAR,REGULAR,PACF,10247
FOXO,20250717 04:57:59.579000,0,0.14,10,0.14,20,REGULAR,REGULAR,PACF,10247
FOXO,20250717 04:58:50.505000,0,0.13,10,0.14,36,REGULAR,REGULAR,PACF,10247
FOXO,20250717 04:58:50.505000,0,0.13,10,0.14,36,REGULAR,REGULAR,PACF,10247
FOXO,20250717 04:58:50.505000,0,0.13,10,0.14,36,REGULAR,REGULAR,PACF,10247
FOXO,20250717 04:58:50.506000,0,0.13,10,0.14,36,REGULAR,REGULAR,PACF,10247
FOXO,20250717 05:00:01.252000,0,0.13,10,0.14,16,REGULAR,REGULAR,PACF,10247
FOXO,20250717 05:00:37.053000,0,0.14,5,0.14,16,REGULAR,REGULAR,NQEX,10247
FOXO,20250717 05:01:25.016000,0,0.13,10,0.13,60,REGULAR,REGULAR,PACF,10247
FOXO,20250717 05:01:25.017000,0,0.13,10,0.13,60,REGULAR,REGULAR,PACF,10247
FOXO,20250717 05:01:42.214000,0,0.13,10,0.14,16,REGULAR,REGULAR,PACF,10247
FOXO,20250717 05:01:42.214000,0,0.13,10,0.14,16,REGULAR,REGULAR,PACF,10247
FOXO,20250717 05:03:00.751000,0,0.13,10,0.14,16,REGULAR,REGULAR,PACF,10247
FOXO,20250717 05:03:47.063000,0,0.13,10,0.14,16,REGULAR,REGULAR,PACF,10247
FOXO,20250717 05:03:50.508000,0,0.13,10,0.14,16,REGULAR,REGULAR,PACF,10247
FOXO,20250717 05:04:00.343000,0,0.13,10,0.14,16,REGULAR,REGULAR,PACF,10247
FOXO,20250717 05:06:19.348000,0,0.13,10,0.14,10,REGULAR,REGULAR,PACF,10305
FOXO,20250717 05:11:30.078000,0,0.13,10,0.13,2,REGULAR,REGULAR,PACF,10305
FOXO,20250717 05:14:47.722000,0,0.13,10,0.13,2,REGULAR,REGULAR,PACF,10305
FOXO,20250717 05:18:37.477000,0,0.13,1,0.13,2,REGULAR,REGULAR,EDGX,10305
FOXO,20250717 05:18:37.482000,0,0.13,1,0.13,2,REGULAR,REGULAR,EDGX,10305
FOXO,20250717 05:18:37.486000,0,0.13,1,0.13,2,REGULAR,REGULAR,EDGX,10305
FOXO,20250717 05:18:37.489000,0,0.13,1,0.13,2,REGULAR,REGULAR,EDGX,10305
FOXO,20250717 05:18:37.492000,0,0.13,1,0.13,2,REGULAR,REGULAR,EDGX,10305
FOXO,20250717 05:18:37.495000,0,0.13,1,0.13,2,REGULAR,REGULAR,EDGX,10305
FOXO,20250717 05:18:37.498000,0,0.13,1,0.13,2,REGULAR,REGULAR,EDGX,10305
FOXO,20250717 05:18:37.500000,0,0.13,1,0.14,4,REGULAR,REGULAR,EDGX,10247
FOXO,20250717 05:18:37.505000,0,0.13,1,0.14,4,REGULAR,REGULAR,EDGX,10247
FOXO,20250717 05:18:37.505000,0,0.13,1,0.14,4,REGULAR,REGULAR,EDGX,10247
FOXO,20250717 05:18:37.505000,0,0.13,1,0.14,4,REGULAR,REGULAR,EDGX,10247
FOXO,20250717 05:19:46.447000,0,0.13,1,0.14,2,REGULAR,REGULAR,EDGX,10247
FOXO,20250717 05:19:46.447000,0,0.13,1,0.14,2,REGULAR,REGULAR,EDGX,10247
FOXO,20250717 05:19:46.447000,0,0.13,1,0.14,2,REGULAR,REGULAR,EDGX,10247
FOXO,20250717 05:19:46.447000,0,0.13,1,0.14,2,REGULAR,REGULAR,EDGX,10247
FOXO,20250717 05:19:46.448000,0,0.13,1,0.14,2,REGULAR,REGULAR,EDGX,10247
FOXO,20250717 05:19:46.453000,0,0.13,1,0.14,2,REGULAR,REGULAR,EDGX,10247
FOXO,20250717 05:19:46.453000,0,0.13,1,0.14,2,REGULAR,REGULAR,EDGX,10247
FOXO,20250717 05:19:46.453000,0,0.13,1,0.14,2,REGULAR,REGULAR,EDGX,10247
FOXO,20250717 05:19:46.453000,0,0.13,1,0.14,2,REGULAR,REGULAR,EDGX,10247
FOXO,20250717 05:19:46.454000,0,0.13,1,0.14,2,REGULAR,REGULAR,EDGX,10247
FOXO,20250717 05:19:46.459000,0,0.13,1,0.14,2,REGULAR,REGULAR,EDGX,10247
FOXO,20250717 05:19:46.459000,0,0.13,1,0.14,2,REGULAR,REGULAR,EDGX,10247
FOXO,20250717 05:19:46.459000,0,0.13,1,0.14,2,REGULAR,REGULAR,EDGX,10247
FOXO,20250717 05:19:46.460000,0,0.13,1,0.14,2,REGULAR,REGULAR,NQEX,10247
FOXO,20250717 05:22:48.932000,0,0.14,4,0.14,1,REGULAR,REGULAR,PACF,10247
FOXO,20250717 05:22:48.932000,0,0.14,4,0.14,1,REGULAR,REGULAR,PACF,10247
FOXO,20250717 05:22:48.932000,0,0.14,4,0.14,1,REGULAR,REGULAR,PACF,10247
FOXO,20250717 05:22:48.938000,0,0.14,3,0.14,1,REGULAR,REGULAR,PACF,10247
FOXO,20250717 05:22:52.924000,0,0.13,1,0.14,18,REGULAR,REGULAR,EDGX,10305
FOXO,20250717 05:24:14.243000,0,0.13,1,0.14,18,REGULAR,REGULAR,EDGX,10305
FOXO,20250717 05:31:40.048000,0,0.13,1,0.14,18,REGULAR,REGULAR,EDGX,10305
FOXO,20250717 05:36:46.683000,0,0.13,1,0.13,2,REGULAR,REGULAR,EDGX,10305
FOXO,20250717 05:36:46.983000,0,0.13,1,0.13,1,REGULAR,REGULAR,EDGX,10305
FOXO,20250717 05:37:07.451000,0,0.13,1,0.13,1,REGULAR,REGULAR,EDGX,10305
FOXO,20250717 05:37:10.468000,0,0.13,1,0.13,1,REGULAR,REGULAR,EDGX,10305
FOXO,20250717 05:42:45.475000,0,0.13,1,0.14,30,REGULAR,REGULAR,EDGX,10247
FOXO,20250717 05:45:53.953000,0,0.13,1,0.14,5,REGULAR,REGULAR,EDGX,10247
FOXO,20250717 05:45:53.954000,0,0.13,1,0.14,5,REGULAR,REGULAR,EDGX,10247
FOXO,20250717 05:45:59.858000,0,0.13,1,0.14,5,REGULAR,REGULAR,EDGX,10247
FOXO,20250717 05:51:12.150000,0,0.13,1,0.14,5,REGULAR,REGULAR,EDGX,10247
FOXO,20250717 05:51:12.150000,0,0.13,1,0.14,5,REGULAR,REGULAR,EDGX,10247
FOXO,20250717 05:51:12.150000,0,0.13,1,0.14,5,REGULAR,REGULAR,EDGX,10247
FOXO,20250717 05:51:42.961000,0,0.13,1,0.14,5,REGULAR,REGULAR,EDGX,10247
FOXO,20250717 05:51:42.961000,0,0.13,1,0.14,5,REGULAR,REGULAR,EDGX,10247
FOXO,20250717 05:53:37.485000,0,0.13,1,0.14,5,REGULAR,REGULAR,EDGX,10247
FOXO,20250717 05:55:37.822000,0,0.13,1,0.14,5,REGULAR,REGULAR,EDGX,10247
FOXO,20250717 05:55:37.822000,0,0.13,1,0.14,5,REGULAR,REGULAR,EDGX,10247
FOXO,20250717 05:59:13.471000,0,0.13,1,0.14,383,REGULAR,REGULAR,EDGX,10247
FOXO,20250717 06:03:52.446000,0,0.13,20,0.13,78,REGULAR,REGULAR,EDGX,10305
FOXO,20250717 06:03:52.446000,0,0.13,20,0.13,78,REGULAR,REGULAR,EDGX,10305
FOXO,20250717 06:04:06.275000,0,0.13,10,0.13,1,REGULAR,REGULAR,PACF,10241
FOXO,20250717 06:04:06.275000,0,0.13,10,0.13,1,REGULAR,REGULAR,PACF,10241
FOXO,20250717 06:04:06.276000,0,0.13,10,0.13,1,REGULAR,REGULAR,PACF,10241
FOXO,20250717 06:06:10.184000,0,0.13,18,0.14,383,REGULAR,REGULAR,EDGX,10247
FOXO,20250717 06:10:04.620000,0,0.13,2,0.14,383,REGULAR,REGULAR,PACF,10247
FOXO,20250717 06:10:05.128000,0,0.13,18,0.13,1,REGULAR,REGULAR,NQEX,10247
FOXO,20250717 06:10:05.132000,0,0.13,10,0.13,1,REGULAR,REGULAR,PACF,10247
FOXO,20250717 06:10:05.134000,0,0.13,10,0.14,16,REGULAR,REGULAR,PACF,10247
FOXO,20250717 06:10:05.567000,0,0.13,10,0.13,34,REGULAR,REGULAR,PACF,10305
FOXO,20250717 06:10:08.154000,0,0.13,10,0.13,34,REGULAR,REGULAR,PACF,10305
FOXO,20250717 06:10:09.284000,0,0.13,10,0.14,383,REGULAR,REGULAR,PACF,10247
FOXO,20250717 06:11:21.242000,0,0.13,15,0.14,5,REGULAR,REGULAR,PACF,10247
FOXO,20250717 06:16:11.297000,0,0.13,3,0.13,2,REGULAR,REGULAR,PACF,10241
FOXO,20250717 06:16:45.677000,0,0.13,30,0.14,5,REGULAR,REGULAR,NQEX,10247
FOXO,20250717 06:19:38.784000,0,0.13,173,0.13,1,REGULAR,REGULAR,PACF,10247
FOXO,20250717 06:19:38.784000,0,0.13,173,0.13,1,REGULAR,REGULAR,PACF,10247
FOXO,20250717 06:19:38.784000,0,0.13,173,0.13,1,REGULAR,REGULAR,PACF,10247
FOXO,20250717 06:19:38.784000,0,0.13,173,0.13,1,REGULAR,REGULAR,PACF,10247
FOXO,20250717 06:19:38.784000,0,0.13,173,0.13,1,REGULAR,REGULAR,PACF,10247
FOXO,20250717 06:19:38.784000,0,0.13,173,0.13,1,REGULAR,REGULAR,PACF,10247
FOXO,20250717 06:19:38.784000,0,0.13,173,0.13,1,REGULAR,REGULAR,PACF,10247
FOXO,20250717 06:24:32.465000,0,0.13,173,0.13,368,REGULAR,REGULAR,PACF,10247
FOXO,20250717 06:24:46.317000,0,0.13,173,0.13,12,REGULAR,REGULAR,PACF,10247
FOXO,20250717 06:24:46.317000,0,0.13,173,0.13,12,REGULAR,REGULAR,PACF,10247
FOXO,20250717 06:24:50.736000,0,0.13,173,0.13,12,REGULAR,REGULAR,PACF,10247
FOXO,20250717 06:25:12.435000,0,0.13,173,0.13,12,REGULAR,REGULAR,PACF,10247
FOXO,20250717 06:25:14.675000,0,0.13,173,0.13,2,REGULAR,REGULAR,PACF,10247
FOXO,20250717 06:25:15.532000,0,0.13,7,0.14,5,REGULAR,REGULAR,PACF,10247
FOXO,20250717 06:26:48.875000,0,0.13,5,0.14,5,REGULAR,REGULAR,EDGX,10247
FOXO,20250717 06:29:26.851000,0,0.13,173,0.13,44,REGULAR,REGULAR,PACF,10305
FOXO,20250717 06:29:26.851000,0,0.13,173,0.13,44,REGULAR,REGULAR,PACF,10305
FOXO,20250717 06:39:16.398000,0,0.13,19,0.14,5,REGULAR,REGULAR,PACF,10305
FOXO,20250717 06:39:16.398000,0,0.13,19,0.14,5,REGULAR,REGULAR,PACF,10305
FOXO,20250717 06:39:16.400000,0,0.13,10,0.13,1,REGULAR,REGULAR,PACF,10247
FOXO,20250717 06:39:16.400000,0,0.13,10,0.13,1,REGULAR,REGULAR,PACF,10247
FOXO,20250717 06:39:16.400000,0,0.13,10,0.13,1,REGULAR,REGULAR,PACF,10247
FOXO,20250717 06:39:16.400000,0,0.13,10,0.13,1,REGULAR,REGULAR,PACF,10247
FOXO,20250717 06:39:16.400000,0,0.13,10,0.13,1,REGULAR,REGULAR,PACF,10247
FOXO,20250717 06:43:43.393000,0,0.13,12,0.13,44,REGULAR,REGULAR,PACF,10247
FOXO,20250717 06:44:00.387000,0,0.13,319,0.13,14,REGULAR,REGULAR,PACF,10305
FOXO,20250717 06:44:00.388000,0,0.13,319,0.14,5,REGULAR,REGULAR,PACF,10247
FOXO,20250717 06:45:26.312000,0,0.13,319,0.14,5,REGULAR,REGULAR,PACF,10247
FOXO,20250717 06:45:26.312000,0,0.13,319,0.14,5,REGULAR,REGULAR,PACF,10247
FOXO,20250717 06:53:14.791000,0,0.13,1,0.13,20,REGULAR,REGULAR,PACF,10241
FOXO,20250717 06:56:50.395000,0,0.13,1,0.13,13,REGULAR,REGULAR,PACF,10305
FOXO,20250717 06:56:52.384000,0,0.13,322,0.13,13,REGULAR,REGULAR,PACF,10305
FOXO,20250717 06:58:54.951000,0,0.13,322,0.13,13,REGULAR,REGULAR,PACF,10305
FOXO,20250717 06:58:54.952000,0,0.13,321,0.13,1,REGULAR,REGULAR,PACF,10247
FOXO,20250717 06:58:54.952000,0,0.13,321,0.13,1,REGULAR,REGULAR,PACF,10247
FOXO,20250717 06:59:08.171000,0,0.13,254,0.13,13,REGULAR,REGULAR,PACF,10305
FOXO,20250717 07:00:49.336000,0,0.13,254,0.13,15,REGULAR,REGULAR,PACF,10247
FOXO,20250717 07:00:57.445000,0,0.13,253,0.13,13,REGULAR,REGULAR,PACF,10305
FOXO,20250717 07:01:19.689000,0,0.13,3,0.13,13,REGULAR,REGULAR,PACF,10305
FOXO,20250717 07:01:32.074000,0,0.13,12,0.13,13,REGULAR,REGULAR,PACF,10305
FOXO,20250717 07:01:32.074000,0,0.13,12,0.13,13,REGULAR,REGULAR,PACF,10305
FOXO,20250717 07:01:32.074000,0,0.13,12,0.13,13,REGULAR,REGULAR,PACF,10305
FOXO,20250717 07:01:32.074000,0,0.13,12,0.13,13,REGULAR,REGULAR,PACF,10305
FOXO,20250717 07:01:32.074000,0,0.13,12,0.13,13,REGULAR,REGULAR,PACF,10305
FOXO,20250717 07:02:48.236000,0,0.13,1,0.13,10,REGULAR,REGULAR,MEMX,10241
FOXO,20250717 07:02:48.236000,0,0.13,1,0.13,10,REGULAR,REGULAR,MEMX,10241
FOXO,20250717 07:04:52.347000,0,0.13,1,0.13,10,REGULAR,REGULAR,MEMX,10241
FOXO,20250717 07:04:52.347000,0,0.13,1,0.13,10,REGULAR,REGULAR,MEMX,10241
FOXO,20250717 07:04:52.347000,0,0.13,1,0.13,10,REGULAR,REGULAR,MEMX,10241
FOXO,20250717 07:04:52.347000,0,0.13,1,0.13,10,REGULAR,REGULAR,MEMX,10241
FOXO,20250717 07:04:52.347000,0,0.13,1,0.13,10,REGULAR,REGULAR,MEMX,10241
FOXO,20250717 07:04:52.348000,0,0.13,1,0.13,10,REGULAR,REGULAR,MEMX,10241
FOXO,20250717 07:04:52.348000,0,0.13,1,0.13,10,REGULAR,REGULAR,MEMX,10241
FOXO,20250717 07:06:07.033000,0,0.13,1,0.13,10,REGULAR,REGULAR,MEMX,10241
FOXO,20250717 07:07:27.700000,0,0.13,1,0.13,1,REGULAR,REGULAR,MEMX,10247
FOXO,20250717 07:07:27.700000,0,0.13,1,0.13,1,REGULAR,REGULAR,MEMX,10247
FOXO,20250717 07:07:27.701000,0,0.13,1,0.13,1,REGULAR,REGULAR,MEMX,10247
FOXO,20250717 07:07:27.701000,0,0.13,1,0.13,1,REGULAR,REGULAR,MEMX,10247
FOXO,20250717 07:07:27.701000,0,0.13,1,0.13,1,REGULAR,REGULAR,MEMX,10247
FOXO,20250717 07:07:27.701000,0,0.13,1,0.13,1,REGULAR,REGULAR,MEMX,10247
FOXO,20250717 07:07:27.701000,0,0.13,1,0.13,1,REGULAR,REGULAR,MEMX,10247
FOXO,20250717 07:07:27.701000,0,0.13,1,0.13,1,REGULAR,REGULAR,MEMX,10247
FOXO,20250717 07:07:27.701000,0,0.13,1,0.13,1,REGULAR,REGULAR,MEMX,10247
FOXO,20250717 07:07:27.701000,0,0.13,1,0.13,1,REGULAR,REGULAR,MEMX,10247
FOXO,20250717 07:08:16.056000,0,0.13,1,0.13,10,REGULAR,REGULAR,MEMX,10241
FOXO,20250717 07:08:16.056000,0,0.13,1,0.13,10,REGULAR,REGULAR,MEMX,10241
FOXO,20250717 07:09:08.937000,0,0.13,1,0.13,1,REGULAR,REGULAR,MEMX,10247
FOXO,20250717 07:09:08.937000,0,0.13,1,0.13,1,REGULAR,REGULAR,MEMX,10247
FOXO,20250717 07:09:08.937000,0,0.13,1,0.13,1,REGULAR,REGULAR,MEMX,10247
FOXO,20250717 07:09:08.937000,0,0.13,1,0.13,1,REGULAR,REGULAR,MEMX,10247
FOXO,20250717 07:09:08.942000,0,0.13,1,0.13,1,REGULAR,REGULAR,MEMX,10247
FOXO,20250717 07:09:08.942000,0,0.13,1,0.13,1,REGULAR,REGULAR,MEMX,10247
FOXO,20250717 07:09:11.723000,0,0.13,1,0.13,10,REGULAR,REGULAR,MEMX,10241
FOXO,20250717 07:09:11.723000,0,0.13,1,0.13,10,REGULAR,REGULAR,MEMX,10241
FOXO,20250717 07:09:37.198000,0,0.13,1,0.13,10,REGULAR,REGULAR,MEMX,10313
FOXO,20250717 07:09:37.198000,0,0.13,1,0.13,10,REGULAR,REGULAR,MEMX,10313
FOXO,20250717 07:09:37.199000,0,0.13,1,0.13,10,REGULAR,REGULAR,MEMX,10313
FOXO,20250717 07:09:37.199000,0,0.13,1,0.13,10,REGULAR,REGULAR,MEMX,10313
FOXO,20250717 07:10:22.713000,0,0.13,1,0.13,1,REGULAR,REGULAR,MEMX,10247
FOXO,20250717 07:10:22.713000,0,0.13,1,0.13,1,REGULAR,REGULAR,MEMX,10247
FOXO,20250717 07:10:22.713000,0,0.13,1,0.13,1,REGULAR,REGULAR,MEMX,10247
FOXO,20250717 07:12:53.162000,0,0.13,1,0.13,10,REGULAR,REGULAR,MEMX,10313
FOXO,20250717 07:12:53.163000,0,0.13,1,0.13,10,REGULAR,REGULAR,MEMX,10313
FOXO,20250717 07:13:09.282000,0,0.13,8,0.13,5,REGULAR,REGULAR,PACF,10247
FOXO,20250717 07:13:16.393000,0,0.13,3,0.13,10,REGULAR,REGULAR,PACF,10313
FOXO,20250717 07:15:23.569000,0,0.13,3,0.13,7,REGULAR,REGULAR,PACF,10247
FOXO,20250717 07:15:23.569000,0,0.13,3,0.13,7,REGULAR,REGULAR,PACF,10247
FOXO,20250717 07:19:03.589000,0,0.13,17,0.13,28,REGULAR,REGULAR,EDGX,10305
FOXO,20250717 07:19:03.589000,0,0.13,17,0.13,28,REGULAR,REGULAR,EDGX,10305
FOXO,20250717 07:19:03.589000,0,0.13,17,0.13,28,REGULAR,REGULAR,EDGX,10305
FOXO,20250717 07:19:03.589000,0,0.13,17,0.13,28,REGULAR,REGULAR,EDGX,10305
FOXO,20250717 07:19:03.593000,0,0.13,183,0.13,28,REGULAR,REGULAR,PACF,10305
FOXO,20250717 07:19:03.593000,0,0.13,183,0.13,28,REGULAR,REGULAR,PACF,10305
FOXO,20250717 07:20:41.337000,0,0.13,8,0.13,8,REGULAR,REGULAR,PACF,10305
FOXO,20250717 07:20:41.337000,0,0.13,8,0.13,8,REGULAR,REGULAR,PACF,10305
FOXO,20250717 07:21:58.763000,0,0.13,8,0.13,4,REGULAR,REGULAR,PACF,10305
FOXO,20250717 07:23:01.983000,0,0.13,7,0.13,4,REGULAR,REGULAR,PACF,10305
FOXO,20250717 07:24:14.251000,0,0.13,183,0.13,4,REGULAR,REGULAR,PACF,10305
FOXO,20250717 07:24:31.686000,0,0.13,183,0.13,28,REGULAR,REGULAR,PACF,10305
FOXO,20250717 07:24:31.686000,0,0.13,183,0.13,28,REGULAR,REGULAR,PACF,10305
FOXO,20250717 07:24:31.686000,0,0.13,183,0.13,28,REGULAR,REGULAR,PACF,10305
FOXO,20250717 07:24:31.686000,0,0.13,183,0.13,28,REGULAR,REGULAR,PACF,10305
FOXO,20250717 07:24:49.561000,0,0.13,183,0.13,28,REGULAR,REGULAR,PACF,10305
FOXO,20250717 07:24:52.045000,0,0.13,183,0.13,28,REGULAR,REGULAR,PACF,10305
FOXO,20250717 07:29:53.979000,0,0.13,92,0.13,10,REGULAR,REGULAR,PACF,10241
FOXO,20250717 07:29:53.979000,0,0.13,92,0.13,10,REGULAR,REGULAR,PACF,10241
FOXO,20250717 07:29:53.979000,0,0.13,92,0.13,10,REGULAR,REGULAR,PACF,10241
FOXO,20250717 07:30:46.348000,0,0.13,38,0.13,10,REGULAR,REGULAR,PACF,10241
FOXO,20250717 07:32:54.550000,0,0.13,18,0.14,5,REGULAR,REGULAR,PACF,10305
FOXO,20250717 07:35:39.815000,0,0.13,10,0.14,5,REGULAR,REGULAR,PACF,10247
FOXO,20250717 07:35:39.815000,0,0.13,10,0.14,5,REGULAR,REGULAR,PACF,10247
FOXO,20250717 07:36:56.008000,0,0.13,5,0.14,3,REGULAR,REGULAR,PACF,10247
FOXO,20250717 07:37:34.756000,0,0.13,14,0.14,3,REGULAR,REGULAR,PACF,10247
FOXO,20250717 07:37:40.686000,0,0.13,14,0.14,3,REGULAR,REGULAR,PACF,10247
FOXO,20250717 07:37:51.219000,0,0.13,14,0.14,3,REGULAR,REGULAR,PACF,10247
FOXO,20250717 07:37:56.745000,0,0.13,14,0.14,3,REGULAR,REGULAR,PACF,10247
FOXO,20250717 07:38:13.646000,0,0.13,5,0.14,3,REGULAR,REGULAR,EDGX,10247
FOXO,20250717 07:38:20.017000,0,0.13,5,0.14,3,REGULAR,REGULAR,EDGX,10247
FOXO,20250717 07:38:40.341000,0,0.13,8,0.14,3,REGULAR,REGULAR,PACF,10247
FOXO,20250717 07:38:40.342000,0,0.13,5,0.13,1,REGULAR,REGULAR,EDGX,10247
FOXO,20250717 07:38:44.249000,0,0.13,5,0.14,3,REGULAR,REGULAR,PACF,10247
FOXO,20250717 07:38:52.235000,0,0.13,5,0.14,3,REGULAR,REGULAR,PACF,10247
FOXO,20250717 07:39:04.781000,0,0.13,2,0.14,3,REGULAR,REGULAR,EDGX,10247
FOXO,20250717 07:39:04.781000,0,0.13,2,0.14,3,REGULAR,REGULAR,EDGX,10247
FOXO,20250717 07:39:36.200000,0,0.13,17,0.13,1,REGULAR,REGULAR,PACF,10247
FOXO,20250717 07:39:36.200000,0,0.13,17,0.13,1,REGULAR,REGULAR,PACF,10247
FOXO,20250717 07:39:38.266000,0,0.13,17,0.14,3,REGULAR,REGULAR,PACF,10247
FOXO,20250717 07:39:44.243000,0,0.13,1,0.14,3,REGULAR,REGULAR,EDGX,10247
FOXO,20250717 07:39:54.900000,0,0.13,17,0.14,5,REGULAR,REGULAR,PACF,10305
FOXO,20250717 07:40:03.750000,0,0.13,17,0.14,5,REGULAR,REGULAR,PACF,10305
FOXO,20250717 07:40:03.750000,0,0.13,17,0.14,5,REGULAR,REGULAR,PACF,10305
FOXO,20250717 07:40:11.802000,0,0.13,17,0.14,5,REGULAR,REGULAR,PACF,10305
FOXO,20250717 07:41:44.213000,0,0.13,1,0.13,1,REGULAR,REGULAR,AMEX,10247
FOXO,20250717 07:41:44.213000,0,0.13,1,0.13,1,REGULAR,REGULAR,AMEX,10247
FOXO,20250717 07:41:44.213000,0,0.13,1,0.13,1,REGULAR,REGULAR,AMEX,10247
FOXO,20250717 07:41:44.213000,0,0.13,1,0.13,1,REGULAR,REGULAR,AMEX,10247
FOXO,20250717 07:41:44.213000,0,0.13,1,0.13,1,REGULAR,REGULAR,AMEX,10247
FOXO,20250717 07:41:44.213000,0,0.13,1,0.13,1,REGULAR,REGULAR,AMEX,10247
FOXO,20250717 07:41:44.213000,0,0.13,1,0.13,1,REGULAR,REGULAR,AMEX,10247
FOXO,20250717 07:41:44.213000,0,0.13,1,0.13,1,REGULAR,REGULAR,AMEX,10247
FOXO,20250717 07:41:44.217000,0,0.13,16,0.13,1,REGULAR,REGULAR,PACF,10247
FOXO,20250717 07:41:44.217000,0,0.13,16,0.13,1,REGULAR,REGULAR,PACF,10247
FOXO,20250717 07:41:44.221000,0,0.13,92,0.13,2,REGULAR,REGULAR,PACF,10247
FOXO,20250717 07:41:44.221000,0,0.13,92,0.13,2,REGULAR,REGULAR,PACF,10247
FOXO,20250717 07:41:44.225000,0,0.13,31,0.13,1,REGULAR,REGULAR,PACF,10247
FOXO,20250717 07:41:44.225000,0,0.13,31,0.13,1,REGULAR,REGULAR,PACF,10247
FOXO,20250717 07:41:44.225000,0,0.13,31,0.13,1,REGULAR,REGULAR,PACF,10247
FOXO,20250717 07:41:44.228000,0,0.13,8,0.13,1,REGULAR,REGULAR,PACF,10247
FOXO,20250717 07:41:44.229000,0,0.13,8,0.13,1,REGULAR,REGULAR,PACF,10247
FOXO,20250717 07:42:02.334000,0,0.13,8,0.14,3,REGULAR,REGULAR,PACF,10247
FOXO,20250717 07:43:05.652000,0,0.13,8,0.13,20,REGULAR,REGULAR,PACF,10247
FOXO,20250717 07:45:28.153000,0,0.13,20,0.14,3,REGULAR,REGULAR,EDGX,10247
FOXO,20250717 07:46:11.821000,0,0.13,22,0.14,3,REGULAR,REGULAR,EDGX,10247
FOXO,20250717 07:46:11.821000,0,0.13,22,0.14,3,REGULAR,REGULAR,EDGX,10247
FOXO,20250717 07:46:11.821000,0,0.13,22,0.14,3,REGULAR,REGULAR,EDGX,10247
FOXO,20250717 07:46:11.821000,0,0.13,22,0.14,3,REGULAR,REGULAR,EDGX,10247
FOXO,20250717 07:50:05.059000,0,0.13,39,0.14,3,REGULAR,REGULAR,PACF,10247
FOXO,20250717 07:50:40.554000,0,0.13,39,0.14,3,REGULAR,REGULAR,PACF,10247
FOXO,20250717 07:51:10.577000,0,0.13,39,0.14,1,REGULAR,REGULAR,PACF,10305
FOXO,20250717 07:52:40.805000,0,0.13,40,0.13,112,REGULAR,REGULAR,PACF,10305
FOXO,20250717 07:52:40.805000,0,0.13,40,0.13,112,REGULAR,REGULAR,PACF,10305
FOXO,20250717 07:55:56.311000,0,0.13,41,0.13,72,REGULAR,REGULAR,PACF,10305
FOXO,20250717 07:56:19.234000,0,0.13,41,0.14,1,REGULAR,REGULAR,PACF,10305
FOXO,20250717 07:56:19.234000,0,0.13,41,0.14,1,REGULAR,REGULAR,PACF,10305
FOXO,20250717 08:00:00.104000,0,0.13,51,0.14,1,REGULAR,REGULAR,PACF,10305
FOXO,20250717 08:00:00.109000,0,0.13,51,0.14,1,REGULAR,REGULAR,PACF,10305
FOXO,20250717 08:00:00.210000,0,0.13,51,0.14,1,REGULAR,REGULAR,PACF,10305
FOXO,20250717 08:00:00.242000,0,0.13,51,0.14,1,REGULAR,REGULAR,PACF,10305
FOXO,20250717 08:00:00.303000,0,0.13,51,0.14,1,REGULAR,REGULAR,PACF,10305
FOXO,20250717 08:00:00.478000,0,0.13,51,0.14,1,REGULAR,REGULAR,PACF,10305
FOXO,20250717 08:00:00.483000,0,0.13,51,0.14,1,REGULAR,REGULAR,PACF,10305
FOXO,20250717 08:00:00.714000,0,0.13,51,0.14,1,REGULAR,REGULAR,PACF,10305
FOXO,20250717 08:00:00.761000,0,0.13,51,0.14,1,REGULAR,REGULAR,PACF,10305
FOXO,20250717 08:00:00.845000,0,0.13,51,0.14,1,REGULAR,REGULAR,PACF,10305
FOXO,20250717 08:00:00.951000,0,0.13,51,0.14,1,REGULAR,REGULAR,PACF,10305
FOXO,20250717 08:00:01.070000,0,0.13,51,0.14,1,REGULAR,REGULAR,PACF,10305
FOXO,20250717 08:00:01.096000,0,0.13,51,0.14,1,REGULAR,REGULAR,PACF,10305
FOXO,20250717 08:00:01.126000,0,0.13,51,0.14,1,REGULAR,REGULAR,PACF,10305
FOXO,20250717 08:00:01.127000,0,0.13,51,0.14,1,REGULAR,REGULAR,PACF,10305
FOXO,20250717 08:00:01.137000,0,0.13,51,0.14,1,REGULAR,REGULAR,PACF,10305
FOXO,20250717 08:00:01.141000,0,0.13,51,0.14,1,REGULAR,REGULAR,PACF,10305
FOXO,20250717 08:00:01.142000,0,0.13,51,0.14,1,REGULAR,REGULAR,PACF,10305
FOXO,20250717 08:00:01.244000,0,0.13,51,0.14,1,REGULAR,REGULAR,PACF,10305
FOXO,20250717 08:00:01.327000,0,0.13,51,0.14,1,REGULAR,REGULAR,PACF,10305
FOXO,20250717 08:00:01.389000,0,0.13,51,0.14,1,REGULAR,REGULAR,PACF,10305
FOXO,20250717 08:00:01.393000,0,0.13,51,0.14,1,REGULAR,REGULAR,PACF,10305
FOXO,20250717 08:00:01.462000,0,0.13,51,0.14,1,REGULAR,REGULAR,PACF,10305
FOXO,20250717 08:00:01.469000,0,0.13,51,0.14,1,REGULAR,REGULAR,PACF,10305
FOXO,20250717 08:00:01.495000,0,0.13,51,0.14,1,REGULAR,REGULAR,PACF,10305
FOXO,20250717 08:00:01.513000,0,0.13,51,0.14,1,REGULAR,REGULAR,PACF,10305
FOXO,20250717 08:00:01.513000,0,0.13,51,0.14,1,REGULAR,REGULAR,PACF,10305
FOXO,20250717 08:00:01.548000,0,0.13,51,0.14,1,REGULAR,REGULAR,PACF,10305
FOXO,20250717 08:00:01.559000,0,0.13,51,0.14,1,REGULAR,REGULAR,PACF,10305
FOXO,20250717 08:00:01.640000,0,0.13,51,0.14,1,REGULAR,REGULAR,PACF,10305
FOXO,20250717 08:00:01.705000,0,0.13,51,0.14,1,REGULAR,REGULAR,PACF,10305
FOXO,20250717 08:00:01.725000,0,0.13,51,0.14,1,REGULAR,REGULAR,PACF,10305
FOXO,20250717 08:00:01.749000,0,0.13,51,0.14,1,REGULAR,REGULAR,PACF,10305
FOXO,20250717 08:00:01.848000,0,0.13,51,0.14,1,REGULAR,REGULAR,PACF,10305
FOXO,20250717 08:00:01.902000,0,0.13,51,0.14,1,REGULAR,REGULAR,PACF,10305
FOXO,20250717 08:00:02.104000,0,0.13,51,0.14,1,REGULAR,REGULAR,PACF,10305
FOXO,20250717 08:00:02.819000,0,0.13,51,0.14,1,REGULAR,REGULAR,PACF,10305
FOXO,20250717 08:00:02.928000,0,0.13,51,0.14,1,REGULAR,REGULAR,PACF,10305
FOXO,20250717 08:00:03.044000,0,0.13,51,0.14,1,REGULAR,REGULAR,PACF,10305
FOXO,20250717 08:00:04.713000,0,0.13,51,0.14,1,REGULAR,REGULAR,PACF,10305
FOXO,20250717 08:00:05.348000,0,0.13,51,0.14,1,REGULAR,REGULAR,PACF,10305
FOXO,20250717 08:00:05.997000,0,0.13,51,0.14,1,REGULAR,REGULAR,PACF,10305
FOXO,20250717 08:00:07.875000,0,0.13,51,0.14,1,REGULAR,REGULAR,PACF,10305
FOXO,20250717 08:00:08.200000,0,0.13,51,0.14,1,REGULAR,REGULAR,PACF,10305
FOXO,20250717 08:00:08.453000,0,0.13,51,0.14,1,REGULAR,REGULAR,PACF,10305
FOXO,20250717 08:00:08.514000,0,0.13,51,0.14,1,REGULAR,REGULAR,PACF,10305
FOXO,20250717 08:00:08.701000,0,0.13,51,0.14,1,REGULAR,REGULAR,PACF,10305
FOXO,20250717 08:00:08.701000,0,0.13,51,0.14,1,REGULAR,REGULAR,PACF,10305
FOXO,20250717 08:00:08.966000,0,0.13,51,0.14,1,REGULAR,REGULAR,PACF,10305
FOXO,20250717 08:00:09.378000,0,0.13,51,0.14,1,REGULAR,REGULAR,PACF,10305
FOXO,20250717 08:00:09.408000,0,0.13,51,0.14,1,REGULAR,REGULAR,PACF,10305
FOXO,20250717 08:00:09.477000,0,0.13,51,0.14,1,REGULAR,REGULAR,PACF,10305
FOXO,20250717 08:00:09.478000,0,0.13,51,0.14,1,REGULAR,REGULAR,PACF,10305
FOXO,20250717 08:00:09.507000,0,0.13,51,0.14,1,REGULAR,REGULAR,PACF,10305
FOXO,20250717 08:00:09.515000,0,0.13,51,0.14,1,REGULAR,REGULAR,PACF,10305
FOXO,20250717 08:00:09.607000,0,0.13,51,0.14,1,REGULAR,REGULAR,PACF,10305
FOXO,20250717 08:00:09.685000,0,0.13,51,0.14,1,REGULAR,REGULAR,PACF,10305
FOXO,20250717 08:00:10.025000,0,0.13,51,0.14,1,REGULAR,REGULAR,PACF,10305
FOXO,20250717 08:00:10.235000,0,0.13,51,0.14,1,REGULAR,REGULAR,PACF,10305
FOXO,20250717 08:00:11.533000,0,0.13,51,0.14,1,REGULAR,REGULAR,PACF,10305
FOXO,20250717 08:00:11.614000,0,0.13,51,0.14,1,REGULAR,REGULAR,PACF,10305
FOXO,20250717 08:00:11.768000,0,0.13,51,0.14,1,REGULAR,REGULAR,PACF,10305
FOXO,20250717 08:00:12.492000,0,0.13,51,0.14,1,REGULAR,REGULAR,PACF,10305
FOXO,20250717 08:00:12.817000,0,0.13,51,0.14,1,REGULAR,REGULAR,PACF,10305
FOXO,20250717 08:00:12.830000,0,0.13,51,0.14,1,REGULAR,REGULAR,PACF,10305
FOXO,20250717 08:00:13.556000,0,0.13,51,0.14,1,REGULAR,REGULAR,PACF,10305
FOXO,20250717 08:00:14.386000,0,0.13,51,0.14,1,REGULAR,REGULAR,PACF,10305
FOXO,20250717 08:00:15.024000,0,0.13,51,0.14,1,REGULAR,REGULAR,PACF,10305
FOXO,20250717 08:00:17.229000,0,0.13,51,0.14,1,REGULAR,REGULAR,PACF,10305
FOXO,20250717 08:00:17.680000,0,0.13,51,0.14,1,REGULAR,REGULAR,PACF,10305
FOXO,20250717 08:00:19.428000,0,0.13,51,0.14,1,REGULAR,REGULAR,PACF,10305
FOXO,20250717 08:00:22.102000,0,0.13,51,0.14,1,REGULAR,REGULAR,PACF,10305
FOXO,20250717 08:00:22.571000,0,0.13,51,0.14,1,REGULAR,REGULAR,PACF,10305
FOXO,20250717 08:00:31.320000,0,0.13,51,0.14,1,REGULAR,REGULAR,PACF,10305
FOXO,20250717 08:00:44.327000,0,0.13,51,0.14,1,REGULAR,REGULAR,PACF,10305
FOXO,20250717 08:00:57.854000,0,0.13,51,0.14,1,REGULAR,REGULAR,PACF,10305
FOXO,20250717 08:01:05.015000,0,0.13,51,0.14,1,REGULAR,REGULAR,PACF,10305
FOXO,20250717 08:03:39.780000,0,0.13,50,0.14,3,REGULAR,REGULAR,PACF,10305
FOXO,20250717 08:03:49.275000,0,0.13,50,0.14,2,REGULAR,REGULAR,PACF,10247
FOXO,20250717 08:05:59.854000,0,0.13,40,0.14,2,REGULAR,REGULAR,PACF,10247
FOXO,20250717 08:06:06.568000,0,0.13,40,0.14,2,REGULAR,REGULAR,PACF,10247
FOXO,20250717 08:06:32.621000,0,0.13,40,0.14,2,REGULAR,REGULAR,PACF,10247
FOXO,20250717 08:07:17.988000,0,0.13,40,0.13,45,REGULAR,REGULAR,PACF,10247
FOXO,20250717 08:09:52.844000,0,0.13,40,0.14,2,REGULAR,REGULAR,PACF,10247
FOXO,20250717 08:10:35.352000,0,0.13,40,0.14,2,REGULAR,REGULAR,PACF,10247
FOXO,20250717 08:12:57.074000,0,0.13,40,0.14,3,REGULAR,REGULAR,PACF,10247
FOXO,20250717 08:13:05.402000,0,0.13,40,0.14,3,REGULAR,REGULAR,PACF,10247
FOXO,20250717 08:15:15.536000,0,0.13,40,0.14,20,REGULAR,REGULAR,PACF,10241
FOXO,20250717 08:15:50.615000,0,0.13,40,0.13,45,REGULAR,REGULAR,PACF,10247
FOXO,20250717 08:16:15.732000,0,0.13,1,0.13,45,REGULAR,REGULAR,NQEX,10247
FOXO,20250717 08:16:55.944000,0,0.13,1,0.13,45,REGULAR,REGULAR,NQEX,10247
FOXO,20250717 08:17:22.064000,0,0.13,1,0.13,45,REGULAR,REGULAR,NQEX,10247
FOXO,20250717 08:18:50.584000,0,0.13,1,0.13,74,REGULAR,REGULAR,NQEX,10247
FOXO,20250717 08:21:05.689000,0,0.13,1,0.13,20,REGULAR,REGULAR,NQEX,10247
FOXO,20250717 08:21:05.689000,0,0.13,1,0.13,20,REGULAR,REGULAR,NQEX,10247
FOXO,20250717 08:22:04.266000,0,0.13,1,0.13,20,REGULAR,REGULAR,NQEX,10247
FOXO,20250717 08:22:04.266000,0,0.13,1,0.13,20,REGULAR,REGULAR,NQEX,10247
FOXO,20250717 08:23:07.532000,0,0.13,1,0.13,20,REGULAR,REGULAR,NQEX,10247
FOXO,20250717 08:23:07.532000,0,0.13,1,0.13,20,REGULAR,REGULAR,NQEX,10247
FOXO,20250717 08:23:44.044000,0,0.13,1,0.13,20,REGULAR,REGULAR,NQEX,10247
FOXO,20250717 08:25:28.954000,0,0.13,1,0.13,25,REGULAR,REGULAR,NQEX,10247
FOXO,20250717 08:25:35.521000,0,0.13,1,0.13,25,REGULAR,REGULAR,NQEX,10247
FOXO,20250717 08:26:11.202000,0,0.13,1,0.13,20,REGULAR,REGULAR,NQEX,10247
FOXO,20250717 08:26:28.272000,0,0.13,1,0.13,25,REGULAR,REGULAR,NQEX,10247
FOXO,20250717 08:26:28.273000,0,0.13,40,0.13,18,REGULAR,REGULAR,PACF,10305
FOXO,20250717 08:26:33.289000,0,0.13,40,0.13,18,REGULAR,REGULAR,PACF,10305
FOXO,20250717 08:26:34.658000,0,0.13,40,0.13,18,REGULAR,REGULAR,PACF,10305
FOXO,20250717 08:26:45.010000,0,0.13,40,0.13,18,REGULAR,REGULAR,PACF,10305
FOXO,20250717 08:26:55.620000,0,0.13,40,0.13,18,REGULAR,REGULAR,PACF,10305
FOXO,20250717 08:27:02.722000,0,0.13,40,0.13,25,REGULAR,REGULAR,PACF,10247
FOXO,20250717 08:27:10.921000,0,0.13,40,0.13,18,REGULAR,REGULAR,PACF,10305
FOXO,20250717 08:27:38.324000,0,0.13,40,0.13,43,REGULAR,REGULAR,PACF,10247
FOXO,20250717 08:28:22.041000,0,0.13,40,0.13,43,REGULAR,REGULAR,PACF,10247
FOXO,20250717 08:28:22.501000,0,0.13,40,0.13,43,REGULAR,REGULAR,PACF,10247
FOXO,20250717 08:28:28.797000,0,0.13,40,0.13,43,REGULAR,REGULAR,PACF,10247
FOXO,20250717 08:28:37.762000,0,0.13,40,0.13,43,REGULAR,REGULAR,PACF,10247
FOXO,20250717 08:28:39.749000,0,0.13,40,0.13,43,REGULAR,REGULAR,PACF,10247
FOXO,20250717 08:28:52.385000,0,0.13,40,0.13,43,REGULAR,REGULAR,PACF,10247
FOXO,20250717 08:29:05.255000,0,0.13,40,0.13,43,REGULAR,REGULAR,PACF,10247
FOXO,20250717 08:29:08.842000,0,0.13,40,0.13,43,REGULAR,REGULAR,PACF,10247
FOXO,20250717 08:29:55.587000,0,0.13,40,0.13,43,REGULAR,REGULAR,PACF,10247
FOXO,20250717 08:30:12.233000,0,0.13,40,0.13,43,REGULAR,REGULAR,PACF,10247
FOXO,20250717 08:30:35.807000,0,0.13,40,0.13,43,REGULAR,REGULAR,PACF,10247
FOXO,20250717 08:30:54.183000,0,0.13,33,0.13,25,REGULAR,REGULAR,PACF,10247
FOXO,20250717 08:30:54.183000,0,0.13,33,0.13,25,REGULAR,REGULAR,PACF,10247
FOXO,20250717 08:30:54.183000,0,0.13,33,0.13,25,REGULAR,REGULAR,PACF,10247
FOXO,20250717 08:31:07.199000,0,0.13,33,0.13,25,REGULAR,REGULAR,PACF,10247
FOXO,20250717 08:31:43.554000,0,0.13,33,0.13,25,REGULAR,REGULAR,PACF,10247
FOXO,20250717 08:32:06.002000,0,0.13,3,0.13,25,REGULAR,REGULAR,EDGX,10247
FOXO,20250717 08:32:07.318000,0,0.13,3,0.13,25,REGULAR,REGULAR,EDGX,10247
FOXO,20250717 08:32:12.995000,0,0.13,33,0.13,25,REGULAR,REGULAR,PACF,10247
FOXO,20250717 08:32:12.995000,0,0.13,33,0.13,25,REGULAR,REGULAR,PACF,10247
FOXO,20250717 08:33:53.515000,0,0.13,33,0.13,5,REGULAR,REGULAR,PACF,10247
FOXO,20250717 08:35:59.331000,0,0.13,33,0.13,5,REGULAR,REGULAR,PACF,10247
FOXO,20250717 08:36:20.820000,0,0.13,33,0.13,5,REGULAR,REGULAR,PACF,10247
FOXO,20250717 08:36:29.572000,0,0.13,33,0.13,5,REGULAR,REGULAR,PACF,10247
FOXO,20250717 08:37:07.809000,0,0.13,33,0.13,5,REGULAR,REGULAR,PACF,10247
FOXO,20250717 08:37:17.418000,0,0.13,33,0.13,5,REGULAR,REGULAR,PACF,10247
FOXO,20250717 08:37:34.479000,0,0.13,33,0.13,5,REGULAR,REGULAR,PACF,10247
FOXO,20250717 08:38:34.408000,0,0.13,33,0.13,5,REGULAR,REGULAR,PACF,10247
FOXO,20250717 08:38:35.105000,0,0.13,33,0.13,5,REGULAR,REGULAR,PACF,10247
FOXO,20250717 08:38:42.055000,0,0.13,33,0.13,5,REGULAR,REGULAR,PACF,10247
FOXO,20250717 08:39:02.059000,0,0.13,33,0.13,5,REGULAR,REGULAR,PACF,10247
FOXO,20250717 08:39:39.469000,0,0.13,33,0.13,5,REGULAR,REGULAR,PACF,10247
FOXO,20250717 08:40:25.684000,0,0.13,33,0.13,5,REGULAR,REGULAR,PACF,10247
FOXO,20250717 08:40:51.363000,0,0.13,10,0.13,5,REGULAR,REGULAR,PACF,10247
FOXO,20250717 08:40:55.597000,0,0.13,10,0.13,5,REGULAR,REGULAR,PACF,10247
FOXO,20250717 08:41:25.757000,0,0.13,10,0.13,5,REGULAR,REGULAR,PACF,10247
FOXO,20250717 08:41:53.514000,0,0.13,10,0.13,5,REGULAR,REGULAR,PACF,10247
FOXO,20250717 08:44:31.351000,0,0.13,10,0.13,5,REGULAR,REGULAR,PACF,10247
FOXO,20250717 08:45:14.764000,0,0.13,10,0.13,5,REGULAR,REGULAR,PACF,10247
FOXO,20250717 08:45:56.971000,0,0.13,10,0.13,5,REGULAR,REGULAR,PACF,10247
FOXO,20250717 08:46:23.800000,0,0.13,10,0.13,5,REGULAR,REGULAR,PACF,10247
FOXO,20250717 08:46:36.401000,0,0.13,10,0.13,5,REGULAR,REGULAR,PACF,10247
FOXO,20250717 08:46:36.980000,0,0.13,10,0.13,5,REGULAR,REGULAR,PACF,10247
FOXO,20250717 08:46:41.551000,0,0.13,10,0.13,5,REGULAR,REGULAR,PACF,10247
FOXO,20250717 08:46:59.604000,0,0.13,10,0.13,5,REGULAR,REGULAR,PACF,10247
FOXO,20250717 08:46:59.604000,0,0.13,10,0.13,5,REGULAR,REGULAR,PACF,10247
FOXO,20250717 08:47:41.658000,0,0.13,10,0.13,5,REGULAR,REGULAR,PACF,10247
FOXO,20250717 08:47:41.662000,0,0.13,8,0.13,5,REGULAR,REGULAR,PACF,10247
FOXO,20250717 08:48:56.993000,0,0.13,8,0.13,5,REGULAR,REGULAR,PACF,10247
FOXO,20250717 08:49:05.925000,0,0.13,8,0.13,5,REGULAR,REGULAR,PACF,10247
FOXO,20250717 08:49:35.401000,0,0.13,15,0.13,5,REGULAR,REGULAR,PACF,10247
FOXO,20250717 08:49:38.100000,0,0.13,8,0.13,5,REGULAR,REGULAR,PACF,10247
FOXO,20250717 08:49:49.325000,0,0.13,8,0.13,5,REGULAR,REGULAR,PACF,10247
FOXO,20250717 08:49:49.325000,0,0.13,8,0.13,5,REGULAR,REGULAR,PACF,10247
FOXO,20250717 08:49:54.699000,0,0.13,8,0.13,5,REGULAR,REGULAR,PACF,10247
FOXO,20250717 08:50:00.453000,0,0.13,8,0.13,5,REGULAR,REGULAR,PACF,10247
FOXO,20250717 08:50:27.264000,0,0.13,8,0.13,5,REGULAR,REGULAR,PACF,10247
FOXO,20250717 08:50:40.945000,0,0.13,33,0.13,2,REGULAR,REGULAR,PACF,10247
FOXO,20250717 08:51:08.106000,0,0.13,33,0.13,2,REGULAR,REGULAR,PACF,10247
FOXO,20250717 08:52:01.987000,0,0.13,33,0.13,5,REGULAR,REGULAR,PACF,10247
FOXO,20250717 08:52:48.868000,0,0.13,33,0.13,5,REGULAR,REGULAR,PACF,10247
FOXO,20250717 08:52:48.873000,0,0.13,33,0.13,5,REGULAR,REGULAR,PACF,10247
FOXO,20250717 08:52:48.873000,0,0.13,33,0.13,5,REGULAR,REGULAR,PACF,10247
FOXO,20250717 08:53:09.473000,0,0.13,33,0.13,5,REGULAR,REGULAR,PACF,10247
FOXO,20250717 08:53:22.931000,0,0.13,33,0.13,5,REGULAR,REGULAR,PACF,10247
FOXO,20250717 08:54:38.584000,0,0.13,283,0.13,5,REGULAR,REGULAR,PACF,10247
FOXO,20250717 08:54:54.550000,0,0.13,283,0.13,5,REGULAR,REGULAR,PACF,10247
FOXO,20250717 08:56:40.727000,0,0.13,283,0.13,5,REGULAR,REGULAR,PACF,10247
FOXO,20250717 08:56:40.727000,0,0.13,283,0.13,5,REGULAR,REGULAR,PACF,10247
FOXO,20250717 09:00:20.618000,0,0.13,283,0.13,1,REGULAR,REGULAR,PACF,10247
FOXO,20250717 09:00:32.038000,0,0.13,283,0.13,1,REGULAR,REGULAR,PACF,10247
FOXO,20250717 09:02:10.373000,0,0.13,10,0.13,1,REGULAR,REGULAR,NQEX,10247
FOXO,20250717 09:02:13.145000,0,0.13,10,0.13,1,REGULAR,REGULAR,NQEX,10247
FOXO,20250717 09:02:13.146000,0,0.13,10,0.13,1,REGULAR,REGULAR,NQEX,10247
FOXO,20250717 09:03:05.934000,0,0.13,20,0.13,1,REGULAR,REGULAR,NQEX,10247
FOXO,20250717 09:03:33.981000,0,0.13,28,0.13,1,REGULAR,REGULAR,NQEX,10247
FOXO,20250717 09:03:37.634000,0,0.13,28,0.13,1,REGULAR,REGULAR,NQEX,10247
FOXO,20250717 09:03:43.263000,0,0.13,28,0.13,1,REGULAR,REGULAR,NQEX,10247
FOXO,20250717 09:03:45.849000,0,0.13,28,0.13,1,REGULAR,REGULAR,NQEX,10247
FOXO,20250717 09:03:53.407000,0,0.13,28,0.13,1,REGULAR,REGULAR,NQEX,10247
FOXO,20250717 09:04:03.180000,0,0.13,1,0.13,1,REGULAR,REGULAR,NQEX,10247
FOXO,20250717 09:04:07.929000,0,0.13,1,0.13,1,REGULAR,REGULAR,NQEX,10247
FOXO,20250717 09:04:09.176000,0,0.13,1,0.13,5,REGULAR,REGULAR,NQEX,10247
FOXO,20250717 09:04:10.418000,0,0.13,1,0.13,5,REGULAR,REGULAR,NQEX,10247
FOXO,20250717 09:04:15.767000,0,0.13,1,0.13,5,REGULAR,REGULAR,NQEX,10247
FOXO,20250717 09:04:17.464000,0,0.13,18,0.13,5,REGULAR,REGULAR,NQEX,10247
FOXO,20250717 09:04:24.188000,0,0.13,18,0.13,6,REGULAR,REGULAR,NQEX,10305
FOXO,20250717 09:04:28.143000,0,0.13,18,0.13,5,REGULAR,REGULAR,NQEX,10247
FOXO,20250717 09:04:36.269000,0,0.13,18,0.13,3,REGULAR,REGULAR,NQEX,10247
FOXO,20250717 09:04:56.919000,0,0.13,18,0.13,5,REGULAR,REGULAR,NQEX,10247
FOXO,20250717 09:04:58.633000,0,0.13,18,0.13,5,REGULAR,REGULAR,NQEX,10247
FOXO,20250717 09:05:42.394000,0,0.13,18,0.13,5,REGULAR,REGULAR,NQEX,10247
FOXO,20250717 09:07:42.380000,0,0.13,18,0.13,5,REGULAR,REGULAR,NQEX,10247
FOXO,20250717 09:08:11.594000,0,0.13,18,0.13,5,REGULAR,REGULAR,NQEX,10247
FOXO,20250717 09:08:29.572000,0,0.13,1,0.13,5,REGULAR,REGULAR,PACF,10247
FOXO,20250717 09:09:38.933000,0,0.13,18,0.13,5,REGULAR,REGULAR,NQEX,10247
FOXO,20250717 09:09:41.852000,0,0.13,18,0.13,5,REGULAR,REGULAR,NQEX,10247
FOXO,20250717 09:10:38.351000,0,0.13,18,0.13,7,REGULAR,REGULAR,NQEX,10247
FOXO,20250717 09:10:45.364000,0,0.13,18,0.13,7,REGULAR,REGULAR,NQEX,10247
FOXO,20250717 09:11:01.170000,0,0.13,18,0.13,5,REGULAR,REGULAR,NQEX,10247
FOXO,20250717 09:11:55.231000,0,0.13,10,0.13,5,REGULAR,REGULAR,PACF,10247
FOXO,20250717 09:12:41.869000,0,0.13,30,0.13,4,REGULAR,REGULAR,PACF,10247
FOXO,20250717 09:12:59.553000,0,0.13,2,0.13,1,REGULAR,REGULAR,PACF,10313
FOXO,20250717 09:12:59.553000,0,0.13,2,0.13,1,REGULAR,REGULAR,PACF,10313
FOXO,20250717 09:12:59.553000,0,0.13,2,0.13,1,REGULAR,REGULAR,PACF,10313
FOXO,20250717 09:12:59.553000,0,0.13,2,0.13,1,REGULAR,REGULAR,PACF,10313
FOXO,20250717 09:14:03.808000,0,0.13,30,0.13,1,REGULAR,REGULAR,PACF,10313
FOXO,20250717 09:14:13.120000,0,0.13,30,0.13,1,REGULAR,REGULAR,PACF,10313
FOXO,20250717 09:15:02.363000,0,0.13,30,0.13,1,REGULAR,REGULAR,PACF,10313
FOXO,20250717 09:16:03.755000,0,0.13,4,0.13,1,REGULAR,REGULAR,PACF,10313
FOXO,20250717 09:16:12.318000,0,0.13,4,0.13,1,REGULAR,REGULAR,PACF,10313
FOXO,20250717 09:16:34.290000,0,0.13,4,0.13,1,REGULAR,REGULAR,PACF,10313
FOXO,20250717 09:16:51.529000,0,0.13,4,0.13,1,REGULAR,REGULAR,PACF,10313
FOXO,20250717 09:17:32.511000,0,0.13,30,0.13,1,REGULAR,REGULAR,PACF,10313
FOXO,20250717 09:17:57.243000,0,0.13,30,0.13,1,REGULAR,REGULAR,PACF,10313
FOXO,20250717 09:19:03.045000,0,0.13,30,0.13,1,REGULAR,REGULAR,PACF,10313
FOXO,20250717 09:19:56.301000,0,0.13,1,0.13,1,REGULAR,REGULAR,PACF,10313
FOXO,20250717 09:20:11.906000,0,0.13,30,0.13,1,REGULAR,REGULAR,PACF,10313
FOXO,20250717 09:20:40.030000,0,0.13,30,0.13,1,REGULAR,REGULAR,PACF,10313
FOXO,20250717 09:20:54.053000,0,0.13,30,0.13,1,REGULAR,REGULAR,PACF,10313
FOXO,20250717 09:21:32.541000,0,0.13,20,0.13,1,REGULAR,REGULAR,PACF,10313
FOXO,20250717 09:21:32.541000,0,0.13,20,0.13,1,REGULAR,REGULAR,PACF,10313
FOXO,20250717 09:21:33.673000,0,0.13,20,0.13,1,REGULAR,REGULAR,PACF,10313
FOXO,20250717 09:21:33.673000,0,0.13,20,0.13,1,REGULAR,REGULAR,PACF,10313
FOXO,20250717 09:21:34.808000,0,0.13,20,0.13,1,REGULAR,REGULAR,PACF,10313
FOXO,20250717 09:21:34.808000,0,0.13,20,0.13,1,REGULAR,REGULAR,PACF,10313
FOXO,20250717 09:21:37.089000,0,0.13,20,0.13,1,REGULAR,REGULAR,PACF,10313
FOXO,20250717 09:21:57.227000,0,0.13,30,0.13,2,REGULAR,REGULAR,PACF,10247
FOXO,20250717 09:21:57.227000,0,0.13,30,0.13,2,REGULAR,REGULAR,PACF,10247
FOXO,20250717 09:22:46.579000,0,0.13,18,0.13,1,REGULAR,REGULAR,NQEX,10313
FOXO,20250717 09:22:50.448000,0,0.13,18,0.13,1,REGULAR,REGULAR,NQEX,10313
FOXO,20250717 09:24:23.526000,0,0.13,18,0.13,58,REGULAR,REGULAR,NQEX,10305
FOXO,20250717 09:24:26.269000,0,0.13,7,0.13,24,REGULAR,REGULAR,PACF,10247
FOXO,20250717 09:24:26.269000,0,0.13,7,0.13,24,REGULAR,REGULAR,PACF,10247
FOXO,20250717 09:24:26.269000,0,0.13,7,0.13,24,REGULAR,REGULAR,PACF,10247
FOXO,20250717 09:24:26.269000,0,0.13,7,0.13,24,REGULAR,REGULAR,PACF,10247
FOXO,20250717 09:24:31.220000,0,0.13,192,0.13,3,REGULAR,REGULAR,PACF,10247
FOXO,20250717 09:24:31.220000,0,0.13,192,0.13,3,REGULAR,REGULAR,PACF,10247
FOXO,20250717 09:24:31.220000,0,0.13,192,0.13,3,REGULAR,REGULAR,PACF,10247
FOXO,20250717 09:24:31.220000,0,0.13,192,0.13,3,REGULAR,REGULAR,PACF,10247
FOXO,20250717 09:24:31.220000,0,0.13,192,0.13,3,REGULAR,REGULAR,PACF,10247
FOXO,20250717 09:24:31.220000,0,0.13,192,0.13,3,REGULAR,REGULAR,PACF,10247
FOXO,20250717 09:24:31.220000,0,0.13,192,0.13,3,REGULAR,REGULAR,PACF,10247
FOXO,20250717 09:24:31.220000,0,0.13,192,0.13,3,REGULAR,REGULAR,PACF,10247
FOXO,20250717 09:24:31.220000,0,0.13,192,0.13,3,REGULAR,REGULAR,PACF,10247
FOXO,20250717 09:24:31.220000,0,0.13,192,0.13,3,REGULAR,REGULAR,PACF,10247
FOXO,20250717 09:24:31.220000,0,0.13,192,0.13,3,REGULAR,REGULAR,PACF,10247
FOXO,20250717 09:24:31.220000,0,0.13,192,0.13,3,REGULAR,REGULAR,PACF,10247
FOXO,20250717 09:24:31.220000,0,0.13,192,0.13,3,REGULAR,REGULAR,PACF,10247
FOXO,20250717 09:25:22.334000,0,0.13,192,0.13,58,REGULAR,REGULAR,PACF,10305
FOXO,20250717 09:25:41.144000,0,0.13,19,0.13,45,REGULAR,REGULAR,PACF,10305
FOXO,20250717 09:25:41.145000,0,0.13,19,0.13,1,REGULAR,REGULAR,PACF,10313
FOXO,20250717 09:25:41.147000,0,0.13,19,0.13,18,REGULAR,REGULAR,PACF,10305
FOXO,20250717 09:26:37.244000,0,0.13,19,0.13,18,REGULAR,REGULAR,PACF,10247
FOXO,20250717 09:27:34.498000,0,0.13,19,0.13,18,REGULAR,REGULAR,PACF,10247
FOXO,20250717 09:28:03.692000,0,0.13,19,0.13,18,REGULAR,REGULAR,PACF,10247
FOXO,20250717 09:28:10.590000,0,0.13,30,0.13,18,REGULAR,REGULAR,EDGX,10247
FOXO,20250717 09:28:16.427000,0,0.13,30,0.13,18,REGULAR,REGULAR,EDGX,10247
FOXO,20250717 09:28:50.746000,0,0.13,30,0.13,18,REGULAR,REGULAR,EDGX,10247
FOXO,20250717 09:28:51.277000,0,0.13,30,0.13,18,REGULAR,REGULAR,EDGX,10247
FOXO,20250717 09:28:51.293000,0,0.13,30,0.13,18,REGULAR,REGULAR,EDGX,10247
FOXO,20250717 09:29:08.995000,0,0.13,30,0.13,18,REGULAR,REGULAR,EDGX,10247
FOXO,20250717 09:29:11.364000,0,0.13,30,0.13,18,REGULAR,REGULAR,EDGX,10247
FOXO,20250717 09:29:18.062000,0,0.13,30,0.13,18,REGULAR,REGULAR,EDGX,10247
FOXO,20250717 09:29:34.103000,0,0.13,30,0.13,18,REGULAR,REGULAR,EDGX,10247
FOXO,20250717 09:30:00.034000,0,0.13,10,0.13,18,REGULAR,REGULAR,EDGX,10247
FOXO,20250717 09:30:00.035000,0,0.13,10,0.13,18,REGULAR,REGULAR,EDGX,10247
FOXO,20250717 09:30:00.088000,0,0.13,10,0.13,18,REGULAR,REGULAR,EDGX,10247
FOXO,20250717 09:30:00.088000,0,0.13,10,0.13,18,REGULAR,REGULAR,EDGX,10247
FOXO,20250717 09:30:01.482000,0,0.13,10,0.13,18,REGULAR,REGULAR,EDGX,10247
FOXO,20250717 09:30:01.485000,0,0.13,10,0.13,18,REGULAR,REGULAR,EDGX,10247
FOXO,20250717 09:30:01.614000,0,0.13,10,0.13,20,REGULAR,REGULAR,EDGX,10244
FOXO,20250717 09:30:01.741000,0,0.13,10,0.13,20,REGULAR,REGULAR,EDGX,10244
FOXO,20250717 09:30:01.773000,0,0.13,10,0.13,20,REGULAR,REGULAR,EDGX,10244
FOXO,20250717 09:30:01.816000,0,0.13,10,0.13,20,REGULAR,REGULAR,EDGX,10244
FOXO,20250717 09:30:01.821000,0,0.13,10,0.13,20,REGULAR,REGULAR,EDGX,10244
FOXO,20250717 09:30:01.947000,0,0.13,10,0.13,20,REGULAR,REGULAR,EDGX,10244
FOXO,20250717 09:30:01.949000,0,0.13,10,0.13,20,REGULAR,REGULAR,EDGX,10244
FOXO,20250717 09:30:01.950000,0,0.13,10,0.13,20,REGULAR,REGULAR,EDGX,10244
FOXO,20250717 09:30:01.952000,0,0.13,10,0.13,20,REGULAR,REGULAR,EDGX,10244
FOXO,20250717 09:30:01.953000,0,0.13,10,0.13,20,REGULAR,REGULAR,EDGX,10244
FOXO,20250717 09:30:01.954000,0,0.13,10,0.13,20,REGULAR,REGULAR,EDGX,10244
FOXO,20250717 09:30:01.956000,0,0.13,1,0.13,20,REGULAR,REGULAR,EDGX,10244
FOXO,20250717 09:30:01.996000,0,0.13,30,0.13,20,REGULAR,REGULAR,EDGX,10244
FOXO,20250717 09:30:02.030000,0,0.13,24,0.13,20,REGULAR,REGULAR,EDGX,10244
FOXO,20250717 09:30:02.108000,0,0.13,23,0.13,20,REGULAR,REGULAR,EDGX,10244
FOXO,20250717 09:30:02.421000,0,0.13,21,0.13,7,REGULAR,REGULAR,EDGX,10308
FOXO,20250717 09:30:03.332000,0,0.13,21,0.13,18,REGULAR,REGULAR,EDGX,10247
FOXO,20250717 09:30:03.428000,0,0.13,21,0.13,18,REGULAR,REGULAR,EDGX,10247
FOXO,20250717 09:30:04.863000,0,0.13,21,0.13,18,REGULAR,REGULAR,EDGX,10247
FOXO,20250717 09:30:04.863000,0,0.13,21,0.13,18,REGULAR,REGULAR,EDGX,10247
FOXO,20250717 09:30:05.169000,0,0.13,21,0.13,9,REGULAR,REGULAR,EDGX,10308
FOXO,20250717 09:30:05.253000,0,0.13,20,0.13,14,REGULAR,REGULAR,EDGX,10308
FOXO,20250717 09:30:05.285000,0,0.13,19,0.13,14,REGULAR,REGULAR,PACF,10308
FOXO,20250717 09:30:07.254000,0,0.13,19,0.13,18,REGULAR,REGULAR,PACF,10247
FOXO,20250717 09:30:07.798000,0,0.13,19,0.13,18,REGULAR,REGULAR,PACF,10247
FOXO,20250717 09:30:08.393000,0,0.13,19,0.13,18,REGULAR,REGULAR,PACF,10247
FOXO,20250717 09:30:09.250000,0,0.13,19,0.13,18,REGULAR,REGULAR,PACF,10247
FOXO,20250717 09:30:11.272000,0,0.13,19,0.13,18,REGULAR,REGULAR,PACF,10247
FOXO,20250717 09:30:11.272000,0,0.13,19,0.13,18,REGULAR,REGULAR,PACF,10247
FOXO,20250717 09:30:11.273000,0,0.13,19,0.13,18,REGULAR,REGULAR,PACF,10247
FOXO,20250717 09:30:11.905000,0,0.13,19,0.13,18,REGULAR,REGULAR,PACF,10247
FOXO,20250717 09:30:13.857000,0,0.13,19,0.13,18,REGULAR,REGULAR,PACF,10247
FOXO,20250717 09:30:13.857000,0,0.13,19,0.13,18,REGULAR,REGULAR,PACF,10247
FOXO,20250717 09:30:13.917000,0,0.13,19,0.13,18,REGULAR,REGULAR,PACF,10247
FOXO,20250717 09:30:14.864000,0,0.13,19,0.13,18,REGULAR,REGULAR,PACF,10247
FOXO,20250717 09:30:14.903000,0,0.13,19,0.13,18,REGULAR,REGULAR,PACF,10247
FOXO,20250717 09:30:15.371000,0,0.13,19,0.13,18,REGULAR,REGULAR,PACF,10247
FOXO,20250717 09:30:16.478000,0,0.13,18,0.13,6,REGULAR,REGULAR,PACF,10305
FOXO,20250717 09:30:16.478000,0,0.13,18,0.13,6,REGULAR,REGULAR,PACF,10305
FOXO,20250717 09:30:18.906000,0,0.13,15,0.13,20,REGULAR,REGULAR,PACF,10308
FOXO,20250717 09:30:18.906000,0,0.13,15,0.13,20,REGULAR,REGULAR,PACF,10308
FOXO,20250717 09:30:18.945000,0,0.13,14,0.13,11,REGULAR,REGULAR,PACF,10308
FOXO,20250717 09:30:19.027000,0,0.13,9,0.13,18,REGULAR,REGULAR,PACF,10247
FOXO,20250717 09:30:22.294000,0,0.13,4,0.13,18,REGULAR,REGULAR,PACF,10247
FOXO,20250717 09:30:22.332000,0,0.13,3,0.13,18,REGULAR,REGULAR,PACF,10247
FOXO,20250717 09:30:23.651000,0,0.13,192,0.13,1,REGULAR,REGULAR,PACF,10247
FOXO,20250717 09:30:25.502000,0,0.13,190,0.13,18,REGULAR,REGULAR,PACF,10247
FOXO,20250717 09:30:25.502000,0,0.13,190,0.13,18,REGULAR,REGULAR,PACF,10247
FOXO,20250717 09:30:25.550000,0,0.13,189,0.13,18,REGULAR,REGULAR,PACF,10247
FOXO,20250717 09:30:28.050000,0,0.13,185,0.13,18,REGULAR,REGULAR,PACF,10247
FOXO,20250717 09:30:28.785000,0,0.13,179,0.13,18,REGULAR,REGULAR,PACF,10247
FOXO,20250717 09:30:32.671000,0,0.13,174,0.13,18,REGULAR,REGULAR,PACF,10247
FOXO,20250717 09:30:32.711000,0,0.13,173,0.13,18,REGULAR,REGULAR,PACF,10247
FOXO,20250717 09:30:32.802000,0,0.13,167,0.13,18,REGULAR,REGULAR,PACF,10247
FOXO,20250717 09:30:32.914000,0,0.13,166,0.13,18,REGULAR,REGULAR,PACF,10247
FOXO,20250717 09:30:32.955000,0,0.13,165,0.13,18,REGULAR,REGULAR,PACF,10247
FOXO,20250717 09:30:37.385000,0,0.13,158,0.13,18,REGULAR,REGULAR,PACF,10247
FOXO,20250717 09:30:37.473000,0,0.13,158,0.13,18,REGULAR,REGULAR,PACF,10247
FOXO,20250717 09:30:37.515000,0,0.13,157,0.13,18,REGULAR,REGULAR,PACF,10247
FOXO,20250717 09:30:38.510000,0,0.13,152,0.13,18,REGULAR,REGULAR,PACF,10247
FOXO,20250717 09:30:38.551000,0,0.13,151,0.13,18,REGULAR,REGULAR,PACF,10247
FOXO,20250717 09:30:42.007000,0,0.13,143,0.13,18,REGULAR,REGULAR,PACF,10247
FOXO,20250717 09:30:44.385000,0,0.13,137,0.13,18,REGULAR,REGULAR,PACF,10247
FOXO,20250717 09:30:44.427000,0,0.13,136,0.13,18,REGULAR,REGULAR,PACF,10247
FOXO,20250717 09:30:47.217000,0,0.13,128,0.13,18,REGULAR,REGULAR,PACF,10247
FOXO,20250717 09:30:47.260000,0,0.13,127,0.13,18,REGULAR,REGULAR,PACF,10247
FOXO,20250717 09:30:47.337000,0,0.13,126,0.13,18,REGULAR,REGULAR,PACF,10247
FOXO,20250717 09:30:48.288000,0,0.13,126,0.13,18,REGULAR,REGULAR,PACF,10247
FOXO,20250717 09:30:51.361000,0,0.13,120,0.13,18,REGULAR,REGULAR,PACF,10247
FOXO,20250717 09:30:51.405000,0,0.13,119,0.13,18,REGULAR,REGULAR,PACF,10247
FOXO,20250717 09:30:53.747000,0,0.13,110,0.13,18,REGULAR,REGULAR,PACF,10247
FOXO,20250717 09:30:53.870000,0,0.13,109,0.13,18,REGULAR,REGULAR,PACF,10247
FOXO,20250717 09:30:59.099000,0,0.13,102,0.13,18,REGULAR,REGULAR,PACF,10247
FOXO,20250717 09:30:59.137000,0,0.13,101,0.13,18,REGULAR,REGULAR,PACF,10247
FOXO,20250717 09:31:00.174000,0,0.13,100,0.13,18,REGULAR,REGULAR,PACF,10247
FOXO,20250717 09:31:01.569000,0,0.13,89,0.13,18,REGULAR,REGULAR,PACF,10247
FOXO,20250717 09:31:01.610000,0,0.13,88,0.13,18,REGULAR,REGULAR,PACF,10247
FOXO,20250717 09:31:08.943000,0,0.13,82,0.13,18,REGULAR,REGULAR,PACF,10247
FOXO,20250717 09:31:08.943000,0,0.13,82,0.13,18,REGULAR,REGULAR,PACF,10247
FOXO,20250717 09:31:08.943000,0,0.13,82,0.13,18,REGULAR,REGULAR,PACF,10247
FOXO,20250717 09:31:08.983000,0,0.13,81,0.13,18,REGULAR,REGULAR,PACF,10247
FOXO,20250717 09:31:10.086000,0,0.13,69,0.13,18,REGULAR,REGULAR,PACF,10247
FOXO,20250717 09:31:10.124000,0,0.13,68,0.13,18,REGULAR,REGULAR,PACF,10247
FOXO,20250717 09:31:19.526000,0,0.13,55,0.13,18,REGULAR,REGULAR,PACF,10247
FOXO,20250717 09:31:19.563000,0,0.13,54,0.13,18,REGULAR,REGULAR,PACF,10247
FOXO,20250717 09:31:19.669000,0,0.13,53,0.13,18,REGULAR,REGULAR,PACF,10247
FOXO,20250717 09:31:20.093000,0,0.13,44,0.13,18,REGULAR,REGULAR,PACF,10247
FOXO,20250717 09:31:20.132000,0,0.13,43,0.13,18,REGULAR,REGULAR,PACF,10247
FOXO,20250717 09:31:21.740000,0,0.13,43,0.13,18,REGULAR,REGULAR,PACF,10247
FOXO,20250717 09:31:29.966000,0,0.13,10,0.13,18,REGULAR,REGULAR,PACF,10247
FOXO,20250717 09:31:29.971000,0,0.13,10,0.13,18,REGULAR,REGULAR,PACF,10247
FOXO,20250717 09:31:29.978000,0,0.13,10,0.13,18,REGULAR,REGULAR,PACF,10247
FOXO,20250717 09:31:29.986000,0,0.13,7,0.13,18,REGULAR,REGULAR,PACF,10247
FOXO,20250717 09:31:30.548000,0,0.13,1,0.13,1,REGULAR,REGULAR,BATS,10247
FOXO,20250717 09:31:30.548000,0,0.13,1,0.13,1,REGULAR,REGULAR,BATS,10247
FOXO,20250717 09:31:30.583000,0,0.13,10,0.13,22,REGULAR,REGULAR,PACF,10308
FOXO,20250717 09:31:32.535000,0,0.13,15,0.13,1,REGULAR,REGULAR,MEMX,10247
FOXO,20250717 09:31:32.574000,0,0.13,14,0.13,18,REGULAR,REGULAR,MEMX,10308
FOXO,20250717 09:31:32.574000,0,0.13,14,0.13,18,REGULAR,REGULAR,MEMX,10308
FOXO,20250717 09:31:36.317000,0,0.13,111,0.13,21,REGULAR,REGULAR,PACF,10308
FOXO,20250717 09:31:36.317000,0,0.13,111,0.13,21,REGULAR,REGULAR,PACF,10308
FOXO,20250717 09:31:36.317000,0,0.13,111,0.13,21,REGULAR,REGULAR,PACF,10308
FOXO,20250717 09:31:36.317000,0,0.13,111,0.13,21,REGULAR,REGULAR,PACF,10308
FOXO,20250717 09:31:36.318000,0,0.13,110,0.13,21,REGULAR,REGULAR,PACF,10308
FOXO,20250717 09:31:36.318000,0,0.13,110,0.13,21,REGULAR,REGULAR,PACF,10308
FOXO,20250717 09:31:36.336000,0,0.13,106,0.13,20,REGULAR,REGULAR,PACF,10308
FOXO,20250717 09:31:36.336000,0,0.13,106,0.13,20,REGULAR,REGULAR,PACF,10308
FOXO,20250717 09:31:36.336000,0,0.13,106,0.13,20,REGULAR,REGULAR,PACF,10308
FOXO,20250717 09:31:46.564000,0,0.13,95,0.13,22,REGULAR,REGULAR,PACF,10308
FOXO,20250717 09:31:46.601000,0,0.13,94,0.13,19,REGULAR,REGULAR,PACF,10308
FOXO,20250717 09:31:49.220000,0,0.13,76,0.13,21,REGULAR,REGULAR,PACF,10308
FOXO,20250717 09:31:49.221000,0,0.13,67,0.13,20,REGULAR,REGULAR,PACF,10308
FOXO,20250717 09:31:49.244000,0,0.13,64,0.13,20,REGULAR,REGULAR,PACF,10308
FOXO,20250717 09:31:54.132000,0,0.13,64,0.13,22,REGULAR,REGULAR,PACF,10308
FOXO,20250717 09:31:55.297000,0,0.13,64,0.13,22,REGULAR,REGULAR,PACF,10308
FOXO,20250717 09:32:01.528000,0,0.13,64,0.13,22,REGULAR,REGULAR,PACF,10308
FOXO,20250717 09:32:02.007000,0,0.13,52,0.13,22,REGULAR,REGULAR,PACF,10308
FOXO,20250717 09:32:02.042000,0,0.13,51,0.13,20,REGULAR,REGULAR,PACF,10308
FOXO,20250717 09:32:03.596000,0,0.13,31,0.13,21,REGULAR,REGULAR,PACF,10308
FOXO,20250717 09:32:03.618000,0,0.13,29,0.13,21,REGULAR,REGULAR,PACF,10308
FOXO,20250717 09:32:03.973000,0,0.13,29,0.13,21,REGULAR,REGULAR,PACF,10308
FOXO,20250717 09:32:12.774000,0,0.13,29,0.13,22,REGULAR,REGULAR,PACF,10308
FOXO,20250717 09:32:12.808000,0,0.13,29,0.13,22,REGULAR,REGULAR,PACF,10308
FOXO,20250717 09:32:12.975000,0,0.13,1,0.13,22,REGULAR,REGULAR,MEMX,10308
FOXO,20250717 09:32:19.014000,0,0.13,29,0.13,20,REGULAR,REGULAR,PACF,10308
FOXO,20250717 09:32:19.594000,0,0.13,6,0.13,20,REGULAR,REGULAR,PACF,10308
FOXO,20250717 09:32:19.594000,0,0.13,6,0.13,20,REGULAR,REGULAR,PACF,10308
FOXO,20250717 09:32:19.594000,0,0.13,6,0.13,20,REGULAR,REGULAR,PACF,10308
FOXO,20250717 09:32:19.615000,0,0.13,4,0.13,20,REGULAR,REGULAR,PACF,10308
FOXO,20250717 09:32:20.473000,0,0.13,254,0.13,6,REGULAR,REGULAR,EDGX,10247
FOXO,20250717 09:32:20.473000,0,0.13,254,0.13,6,REGULAR,REGULAR,EDGX,10247
FOXO,20250717 09:32:20.473000,0,0.13,254,0.13,6,REGULAR,REGULAR,EDGX,10247
FOXO,20250717 09:32:20.473000,0,0.13,254,0.13,6,REGULAR,REGULAR,EDGX,10247
FOXO,20250717 09:32:20.477000,0,0.13,254,0.13,20,REGULAR,REGULAR,EDGX,10308
FOXO,20250717 09:32:25.575000,0,0.13,254,0.13,20,REGULAR,REGULAR,EDGX,10308
FOXO,20250717 09:32:26.935000,0,0.13,239,0.13,20,REGULAR,REGULAR,EDGX,10308
FOXO,20250717 09:32:26.968000,0,0.13,238,0.13,19,REGULAR,REGULAR,EDGX,10308
FOXO,20250717 09:32:37.770000,0,0.13,212,0.13,20,REGULAR,REGULAR,EDGX,10308
FOXO,20250717 09:32:37.788000,0,0.13,209,0.13,20,REGULAR,REGULAR,EDGX,10308
FOXO,20250717 09:32:48.085000,0,0.13,209,0.13,20,REGULAR,REGULAR,EDGX,10308
FOXO,20250717 09:32:48.285000,0,0.13,209,0.13,20,REGULAR,REGULAR,EDGX,10308
FOXO,20250717 09:32:48.285000,0,0.13,209,0.13,20,REGULAR,REGULAR,EDGX,10308
FOXO,20250717 09:32:48.319000,0,0.13,208,0.13,19,REGULAR,REGULAR,EDGX,10308
FOXO,20250717 09:32:53.932000,0,0.13,208,0.13,20,REGULAR,REGULAR,EDGX,10308
FOXO,20250717 09:32:59.196000,0,0.13,178,0.13,20,REGULAR,REGULAR,EDGX,10308
FOXO,20250717 09:32:59.218000,0,0.13,176,0.13,20,REGULAR,REGULAR,EDGX,10308
FOXO,20250717 09:32:59.251000,0,0.13,175,0.13,20,REGULAR,REGULAR,EDGX,10308
FOXO,20250717 09:33:01.687000,0,0.13,155,0.13,20,REGULAR,REGULAR,EDGX,10308
FOXO,20250717 09:33:01.720000,0,0.13,154,0.13,20,REGULAR,REGULAR,EDGX,10308
FOXO,20250717 09:33:02.020000,0,0.13,154,0.13,20,REGULAR,REGULAR,EDGX,10308
FOXO,20250717 09:33:13.264000,0,0.13,154,0.13,20,REGULAR,REGULAR,EDGX,10308
FOXO,20250717 09:33:13.290000,0,0.13,154,0.13,20,REGULAR,REGULAR,EDGX,10308
FOXO,20250717 09:33:13.492000,0,0.13,154,0.13,22,REGULAR,REGULAR,EDGX,10308
FOXO,20250717 09:33:13.873000,0,0.13,154,0.13,22,REGULAR,REGULAR,EDGX,10308
FOXO,20250717 09:33:13.874000,0,0.13,154,0.13,11,REGULAR,REGULAR,EDGX,10308
FOXO,20250717 09:33:13.895000,0,0.13,152,0.13,11,REGULAR,REGULAR,EDGX,10308
FOXO,20250717 09:33:15.098000,0,0.13,152,0.13,22,REGULAR,REGULAR,EDGX,10308
FOXO,20250717 09:33:15.120000,0,0.13,150,0.13,22,REGULAR,REGULAR,EDGX,10308
FOXO,20250717 09:33:17.346000,0,0.13,150,0.13,22,REGULAR,REGULAR,EDGX,10308
FOXO,20250717 09:33:22.366000,0,0.13,150,0.13,22,REGULAR,REGULAR,EDGX,10308
FOXO,20250717 09:33:25.194000,0,0.13,150,0.13,22,REGULAR,REGULAR,EDGX,10308
FOXO,20250717 09:33:25.194000,0,0.13,150,0.13,22,REGULAR,REGULAR,EDGX,10308
FOXO,20250717 09:33:25.194000,0,0.13,150,0.13,22,REGULAR,REGULAR,EDGX,10308
FOXO,20250717 09:33:25.195000,0,0.13,150,0.13,22,REGULAR,REGULAR,EDGX,10308
FOXO,20250717 09:33:25.211000,0,0.13,147,0.13,22,REGULAR,REGULAR,EDGX,10308
FOXO,20250717 09:33:42.776000,0,0.13,125,0.13,11,REGULAR,REGULAR,EDGX,10300
FOXO,20250717 09:33:42.797000,0,0.13,123,0.13,11,REGULAR,REGULAR,EDGX,10300
FOXO,20250717 09:33:42.975000,0,0.13,123,0.13,19,REGULAR,REGULAR,EDGX,10305
FOXO,20250717 09:33:42.995000,0,0.13,121,0.13,11,REGULAR,REGULAR,EDGX,10300
FOXO,20250717 09:33:43.502000,0,0.13,121,0.13,11,REGULAR,REGULAR,EDGX,10300
FOXO,20250717 09:33:45.601000,0,0.13,121,0.13,11,REGULAR,REGULAR,EDGX,10300
FOXO,20250717 09:33:47.324000,0,0.13,121,0.13,11,REGULAR,REGULAR,EDGX,10300
FOXO,20250717 09:33:47.327000,0,0.13,121,0.13,11,REGULAR,REGULAR,EDGX,10300
FOXO,20250717 09:33:47.339000,0,0.13,117,0.13,19,REGULAR,REGULAR,EDGX,10305
FOXO,20250717 09:33:49.257000,0,0.13,117,0.13,19,REGULAR,REGULAR,EDGX,10305
FOXO,20250717 09:33:49.925000,0,0.13,117,0.13,19,REGULAR,REGULAR,EDGX,10305
FOXO,20250717 09:33:54.369000,0,0.13,77,0.13,11,REGULAR,REGULAR,EDGX,10300
FOXO,20250717 09:33:54.385000,0,0.13,74,0.13,19,REGULAR,REGULAR,EDGX,10305
FOXO,20250717 09:33:54.420000,0,0.13,73,0.13,19,REGULAR,REGULAR,EDGX,10305
FOXO,20250717 09:33:56.470000,0,0.13,73,0.13,19,REGULAR,REGULAR,EDGX,10305
FOXO,20250717 09:34:15.389000,0,0.13,48,0.13,17,REGULAR,REGULAR,EDGX,10305
FOXO,20250717 09:34:15.411000,0,0.13,46,0.13,11,REGULAR,REGULAR,EDGX,10300
FOXO,20250717 09:34:27.095000,0,0.13,15,0.13,11,REGULAR,REGULAR,MEMX,10300
FOXO,20250717 09:34:27.095000,0,0.13,15,0.13,11,REGULAR,REGULAR,MEMX,10300
FOXO,20250717 09:34:27.108000,0,0.13,15,0.13,14,REGULAR,REGULAR,MEMX,10305
FOXO,20250717 09:34:27.108000,0,0.13,15,0.13,14,REGULAR,REGULAR,MEMX,10305
FOXO,20250717 09:34:27.108000,0,0.13,15,0.13,14,REGULAR,REGULAR,MEMX,10305
FOXO,20250717 09:34:29.086000,0,0.13,15,0.13,14,REGULAR,REGULAR,MEMX,10305
FOXO,20250717 09:34:29.093000,0,0.13,15,0.13,14,REGULAR,REGULAR,MEMX,10305
FOXO,20250717 09:34:33.809000,0,0.13,15,0.13,14,REGULAR,REGULAR,MEMX,10305
FOXO,20250717 09:34:47.193000,0,0.13,15,0.13,14,REGULAR,REGULAR,MEMX,10305
FOXO,20250717 09:34:51.996000,0,0.13,16,0.13,14,REGULAR,REGULAR,MEMX,10305
FOXO,20250717 09:34:51.996000,0,0.13,16,0.13,14,REGULAR,REGULAR,MEMX,10305
FOXO,20250717 09:34:51.996000,0,0.13,16,0.13,14,REGULAR,REGULAR,MEMX,10305
FOXO,20250717 09:34:51.996000,0,0.13,16,0.13,14,REGULAR,REGULAR,MEMX,10305
FOXO,20250717 09:34:51.996000,0,0.13,16,0.13,14,REGULAR,REGULAR,MEMX,10305
FOXO,20250717 09:34:51.997000,0,0.13,3,0.13,14,REGULAR,REGULAR,MEMX,10305
FOXO,20250717 09:34:51.997000,0,0.13,3,0.13,14,REGULAR,REGULAR,MEMX,10305
FOXO,20250717 09:34:51.997000,0,0.13,3,0.13,14,REGULAR,REGULAR,MEMX,10305
FOXO,20250717 09:34:52.018000,0,0.13,1,0.13,11,REGULAR,REGULAR,MEMX,10305
FOXO,20250717 09:34:52.018000,0,0.13,1,0.13,11,REGULAR,REGULAR,MEMX,10305
FOXO,20250717 09:34:52.098000,0,0.13,5,0.13,11,REGULAR,REGULAR,EDGX,10305
FOXO,20250717 09:35:01.949000,0,0.13,5,0.13,17,REGULAR,REGULAR,EDGX,10241
FOXO,20250717 09:35:05.671000,0,0.13,5,0.13,16,REGULAR,REGULAR,EDGX,10241
FOXO,20250717 09:35:06.212000,0,0.13,5,0.13,16,REGULAR,REGULAR,EDGX,10241
FOXO,20250717 09:35:06.212000,0,0.13,5,0.13,16,REGULAR,REGULAR,EDGX,10241
FOXO,20250717 09:35:06.212000,0,0.13,5,0.13,16,REGULAR,REGULAR,EDGX,10241
FOXO,20250717 09:35:06.213000,0,0.13,5,0.13,16,REGULAR,REGULAR,EDGX,10241
FOXO,20250717 09:35:06.213000,0,0.13,5,0.13,16,REGULAR,REGULAR,EDGX,10241
FOXO,20250717 09:35:06.225000,0,0.13,1,0.13,16,REGULAR,REGULAR,PACF,10241
FOXO,20250717 09:35:06.257000,0,0.13,1,0.13,11,REGULAR,REGULAR,PACF,10300
FOXO,20250717 09:35:06.699000,0,0.13,1,0.13,11,REGULAR,REGULAR,PACF,10241
FOXO,20250717 09:35:06.718000,0,0.13,2,0.13,11,REGULAR,REGULAR,MEMX,10241
FOXO,20250717 09:35:06.718000,0,0.13,2,0.13,11,REGULAR,REGULAR,MEMX,10241
FOXO,20250717 09:35:06.718000,0,0.13,2,0.13,11,REGULAR,REGULAR,MEMX,10241
FOXO,20250717 09:35:06.721000,0,0.13,2,0.13,11,REGULAR,REGULAR,MEMX,10241
FOXO,20250717 09:35:06.723000,0,0.13,2,0.13,11,REGULAR,REGULAR,MEMX,10241
FOXO,20250717 09:35:06.725000,0,0.13,2,0.13,11,REGULAR,REGULAR,MEMX,10241
FOXO,20250717 09:35:07.977000,0,0.13,2,0.13,11,REGULAR,REGULAR,MEMX,10241
FOXO,20250717 09:35:08.245000,0,0.13,2,0.13,11,REGULAR,REGULAR,MEMX,10241
FOXO,20250717 09:35:12.069000,0,0.13,2,0.13,16,REGULAR,REGULAR,MEMX,10241
FOXO,20250717 09:35:14.052000,0,0.13,2,0.13,16,REGULAR,REGULAR,MEMX,10241
FOXO,20250717 09:35:14.052000,0,0.13,2,0.13,16,REGULAR,REGULAR,MEMX,10241
FOXO,20250717 09:35:14.053000,0,0.13,2,0.13,16,REGULAR,REGULAR,MEMX,10241
FOXO,20250717 09:35:14.054000,0,0.13,2,0.13,16,REGULAR,REGULAR,MEMX,10241
FOXO,20250717 09:35:14.061000,0,0.13,2,0.13,16,REGULAR,REGULAR,MEMX,10241
FOXO,20250717 09:35:14.272000,0,0.13,2,0.13,16,REGULAR,REGULAR,MEMX,10241
FOXO,20250717 09:35:15.597000,0,0.13,2,0.13,16,REGULAR,REGULAR,MEMX,10241
FOXO,20250717 09:35:21.792000,0,0.13,2,0.13,16,REGULAR,REGULAR,MEMX,10241
FOXO,20250717 09:35:26.571000,0,0.13,2,0.13,16,REGULAR,REGULAR,MEMX,10241
FOXO,20250717 09:35:36.393000,0,0.13,2,0.13,16,REGULAR,REGULAR,MEMX,10241
FOXO,20250717 09:35:38.471000,0,0.13,166,0.13,16,REGULAR,REGULAR,PACF,10241
FOXO,20250717 09:35:38.471000,0,0.13,166,0.13,16,REGULAR,REGULAR,PACF,10241
FOXO,20250717 09:35:43.363000,0,0.13,166,0.13,27,REGULAR,REGULAR,PACF,10241
FOXO,20250717 09:35:43.363000,0,0.13,166,0.13,27,REGULAR,REGULAR,PACF,10241
FOXO,20250717 09:35:43.363000,0,0.13,166,0.13,27,REGULAR,REGULAR,PACF,10241
FOXO,20250717 09:35:43.364000,0,0.13,166,0.13,27,REGULAR,REGULAR,PACF,10241
FOXO,20250717 09:35:43.366000,0,0.13,166,0.13,27,REGULAR,REGULAR,PACF,10241
FOXO,20250717 09:35:43.366000,0,0.13,166,0.13,27,REGULAR,REGULAR,PACF,10241
FOXO,20250717 09:35:43.382000,0,0.13,166,0.13,27,REGULAR,REGULAR,PACF,10241
FOXO,20250717 09:35:44.329000,0,0.13,166,0.13,27,REGULAR,REGULAR,PACF,10241
FOXO,20250717 09:35:52.447000,0,0.13,157,0.13,33,REGULAR,REGULAR,PACF,10241
FOXO,20250717 09:35:52.447000,0,0.13,157,0.13,33,REGULAR,REGULAR,PACF,10241
FOXO,20250717 09:35:52.447000,0,0.13,157,0.13,33,REGULAR,REGULAR,PACF,10241
FOXO,20250717 09:35:52.447000,0,0.13,157,0.13,33,REGULAR,REGULAR,PACF,10241
FOXO,20250717 09:35:52.447000,0,0.13,157,0.13,33,REGULAR,REGULAR,PACF,10241
FOXO,20250717 09:35:52.447000,0,0.13,157,0.13,33,REGULAR,REGULAR,PACF,10241
FOXO,20250717 09:35:52.447000,0,0.13,157,0.13,33,REGULAR,REGULAR,PACF,10241
FOXO,20250717 09:35:52.447000,0,0.13,157,0.13,33,REGULAR,REGULAR,PACF,10241
FOXO,20250717 09:35:52.447000,0,0.13,157,0.13,33,REGULAR,REGULAR,PACF,10241
FOXO,20250717 09:35:52.447000,0,0.13,157,0.13,33,REGULAR,REGULAR,PACF,10241
FOXO,20250717 09:35:52.459000,0,0.13,152,0.13,27,REGULAR,REGULAR,PACF,10241
FOXO,20250717 09:35:52.459000,0,0.13,152,0.13,27,REGULAR,REGULAR,PACF,10241
FOXO,20250717 09:35:52.459000,0,0.13,152,0.13,27,REGULAR,REGULAR,PACF,10241
FOXO,20250717 09:35:52.491000,0,0.13,151,0.13,27,REGULAR,REGULAR,PACF,10241
FOXO,20250717 09:36:13.120000,0,0.13,120,0.13,27,REGULAR,REGULAR,NQEX,10241
FOXO,20250717 09:36:13.120000,0,0.13,120,0.13,27,REGULAR,REGULAR,NQEX,10241
FOXO,20250717 09:36:13.120000,0,0.13,120,0.13,27,REGULAR,REGULAR,NQEX,10241
FOXO,20250717 09:36:13.135000,0,0.13,120,0.13,27,REGULAR,REGULAR,NQEX,10241
FOXO,20250717 09:36:15.625000,0,0.13,117,0.13,33,REGULAR,REGULAR,NQEX,10241
FOXO,20250717 09:36:15.658000,0,0.13,117,0.13,33,REGULAR,REGULAR,NQEX,10241
FOXO,20250717 09:36:20.068000,0,0.13,117,0.13,27,REGULAR,REGULAR,NQEX,10241
FOXO,20250717 09:36:20.633000,0,0.13,117,0.13,27,REGULAR,REGULAR,NQEX,10241
FOXO,20250717 09:36:20.888000,0,0.13,117,0.13,27,REGULAR,REGULAR,NQEX,10241
FOXO,20250717 09:36:22.845000,0,0.13,157,0.13,27,REGULAR,REGULAR,PACF,10241
FOXO,20250717 09:36:24.851000,0,0.13,141,0.13,27,REGULAR,REGULAR,PACF,10241
FOXO,20250717 09:36:24.881000,0,0.13,140,0.13,27,REGULAR,REGULAR,PACF,10241
FOXO,20250717 09:36:25.063000,0,0.13,140,0.13,33,REGULAR,REGULAR,PACF,10241
FOXO,20250717 09:36:25.064000,0,0.13,140,0.13,27,REGULAR,REGULAR,PACF,10241
FOXO,20250717 09:36:25.065000,0,0.13,140,0.13,33,REGULAR,REGULAR,PACF,10241
FOXO,20250717 09:36:25.067000,0,0.13,140,0.13,27,REGULAR,REGULAR,PACF,10241
FOXO,20250717 09:36:25.068000,0,0.13,140,0.13,33,REGULAR,REGULAR,PACF,10241
FOXO,20250717 09:36:25.095000,0,0.13,139,0.13,33,REGULAR,REGULAR,PACF,10241
FOXO,20250717 09:36:26.897000,0,0.13,139,0.13,27,REGULAR,REGULAR,PACF,10241
FOXO,20250717 09:36:26.897000,0,0.13,139,0.13,27,REGULAR,REGULAR,PACF,10241
FOXO,20250717 09:36:26.897000,0,0.13,139,0.13,27,REGULAR,REGULAR,PACF,10241
FOXO,20250717 09:36:26.931000,0,0.13,138,0.13,27,REGULAR,REGULAR,PACF,10241
FOXO,20250717 09:36:35.762000,0,0.13,129,0.13,27,REGULAR,REGULAR,PACF,10241
FOXO,20250717 09:36:35.762000,0,0.13,129,0.13,27,REGULAR,REGULAR,PACF,10241
FOXO,20250717 09:36:35.762000,0,0.13,129,0.13,27,REGULAR,REGULAR,PACF,10241
FOXO,20250717 09:36:35.778000,0,0.13,126,0.13,27,REGULAR,REGULAR,PACF,10241
FOXO,20250717 09:36:37.279000,0,0.13,126,0.13,27,REGULAR,REGULAR,PACF,10241
FOXO,20250717 09:36:38.365000,0,0.13,126,0.13,27,REGULAR,REGULAR,PACF,10241
FOXO,20250717 09:36:38.385000,0,0.13,124,0.13,27,REGULAR,REGULAR,PACF,10241
FOXO,20250717 09:36:38.417000,0,0.13,123,0.13,27,REGULAR,REGULAR,PACF,10241
FOXO,20250717 09:36:44.347000,0,0.13,109,0.13,27,REGULAR,REGULAR,NQEX,10241
FOXO,20250717 09:36:44.347000,0,0.13,109,0.13,27,REGULAR,REGULAR,NQEX,10241
FOXO,20250717 09:36:44.347000,0,0.13,109,0.13,27,REGULAR,REGULAR,NQEX,10241
FOXO,20250717 09:36:44.348000,0,0.13,108,0.13,34,REGULAR,REGULAR,NQEX,10241
FOXO,20250717 09:36:44.360000,0,0.13,108,0.13,27,REGULAR,REGULAR,NQEX,10241
FOXO,20250717 09:36:44.391000,0,0.13,108,0.13,27,REGULAR,REGULAR,NQEX,10241
FOXO,20250717 09:36:56.209000,0,0.13,3,0.13,27,REGULAR,REGULAR,PACF,10241
FOXO,20250717 09:36:56.521000,0,0.13,3,0.13,27,REGULAR,REGULAR,PACF,10241
FOXO,20250717 09:37:12.691000,0,0.13,108,0.13,27,REGULAR,REGULAR,NQEX,10241
FOXO,20250717 09:37:12.691000,0,0.13,108,0.13,27,REGULAR,REGULAR,NQEX,10241
FOXO,20250717 09:37:12.692000,0,0.13,108,0.13,27,REGULAR,REGULAR,NQEX,10241
FOXO,20250717 09:37:12.702000,0,0.13,108,0.13,27,REGULAR,REGULAR,NQEX,10241
FOXO,20250717 09:37:12.702000,0,0.13,108,0.13,27,REGULAR,REGULAR,NQEX,10241
FOXO,20250717 09:37:30.586000,0,0.13,1,0.13,34,REGULAR,REGULAR,MEMX,10241
FOXO,20250717 09:37:30.619000,0,0.13,108,0.13,27,REGULAR,REGULAR,NQEX,10241
FOXO,20250717 09:37:33.533000,0,0.13,108,0.13,27,REGULAR,REGULAR,NQEX,10241
FOXO,20250717 09:37:33.552000,0,0.13,108,0.13,27,REGULAR,REGULAR,NQEX,10241
FOXO,20250717 09:37:33.580000,0,0.13,108,0.13,27,REGULAR,REGULAR,NQEX,10241
FOXO,20250717 09:37:42.135000,0,0.13,76,0.13,27,REGULAR,REGULAR,NQEX,10241
FOXO,20250717 09:37:42.135000,0,0.13,76,0.13,27,REGULAR,REGULAR,NQEX,10241
FOXO,20250717 09:37:42.135000,0,0.13,76,0.13,27,REGULAR,REGULAR,NQEX,10241
FOXO,20250717 09:37:42.135000,0,0.13,76,0.13,27,REGULAR,REGULAR,NQEX,10241
FOXO,20250717 09:37:42.136000,0,0.13,76,0.13,27,REGULAR,REGULAR,NQEX,10241
FOXO,20250717 09:37:42.136000,0,0.13,76,0.13,27,REGULAR,REGULAR,NQEX,10241
FOXO,20250717 09:37:42.136000,0,0.13,76,0.13,27,REGULAR,REGULAR,NQEX,10241
FOXO,20250717 09:37:42.137000,0,0.13,76,0.13,34,REGULAR,REGULAR,NQEX,10241
FOXO,20250717 09:37:42.137000,0,0.13,76,0.13,34,REGULAR,REGULAR,NQEX,10241
FOXO,20250717 09:37:42.138000,0,0.13,55,0.13,27,REGULAR,REGULAR,NQEX,10241
FOXO,20250717 09:37:42.172000,0,0.13,49,0.13,34,REGULAR,REGULAR,NQEX,10241
FOXO,20250717 09:37:42.236000,0,0.13,48,0.13,34,REGULAR,REGULAR,NQEX,10241
FOXO,20250717 09:37:50.339000,0,0.13,48,0.13,34,REGULAR,REGULAR,NQEX,10241
FOXO,20250717 09:37:50.358000,0,0.13,45,0.13,27,REGULAR,REGULAR,NQEX,10241
FOXO,20250717 09:38:08.843000,0,0.13,45,0.13,16,REGULAR,REGULAR,NQEX,10241
FOXO,20250717 09:38:11.470000,0,0.12,1,0.13,16,REGULAR,REGULAR,PACF,10241
FOXO,20250717 09:38:11.470000,0,0.12,1,0.13,16,REGULAR,REGULAR,PACF,10241
FOXO,20250717 09:38:11.470000,0,0.12,1,0.13,16,REGULAR,REGULAR,PACF,10241
FOXO,20250717 09:38:11.470000,0,0.12,1,0.13,16,REGULAR,REGULAR,PACF,10241
FOXO,20250717 09:38:11.470000,0,0.12,1,0.13,16,REGULAR,REGULAR,PACF,10241
FOXO,20250717 09:38:11.475000,0,0.12,4,0.13,16,REGULAR,REGULAR,PACF,10241
FOXO,20250717 09:38:11.475000,0,0.12,4,0.13,16,REGULAR,REGULAR,PACF,10241
FOXO,20250717 09:38:16.530000,0,0.12,1,0.12,795,REGULAR,REGULAR,MEMX,10247
FOXO,20250717 09:38:16.530000,0,0.12,1,0.12,795,REGULAR,REGULAR,MEMX,10247
FOXO,20250717 09:38:16.530000,0,0.12,1,0.12,795,REGULAR,REGULAR,MEMX,10247
FOXO,20250717 09:38:16.530000,0,0.12,1,0.12,795,REGULAR,REGULAR,MEMX,10247
FOXO,20250717 09:38:16.530000,0,0.12,1,0.12,795,REGULAR,REGULAR,MEMX,10247
FOXO,20250717 09:38:16.530000,0,0.12,1,0.12,795,REGULAR,REGULAR,MEMX,10247
FOXO,20250717 09:38:16.531000,0,0.12,1,0.12,18,REGULAR,REGULAR,MEMX,10247
FOXO,20250717 09:38:16.531000,0,0.12,1,0.12,18,REGULAR,REGULAR,MEMX,10247
FOXO,20250717 09:38:16.535000,0,0.12,4,0.12,18,REGULAR,REGULAR,MEMX,10247
FOXO,20250717 09:38:16.539000,0,0.12,50,0.12,18,REGULAR,REGULAR,EDGE,10247
FOXO,20250717 09:38:16.539000,0,0.12,50,0.12,18,REGULAR,REGULAR,EDGE,10247
FOXO,20250717 09:38:16.560000,0,0.12,49,0.12,18,REGULAR,REGULAR,EDGE,10247
FOXO,20250717 09:38:23.451000,0,0.12,49,0.12,803,REGULAR,REGULAR,EDGE,10247
FOXO,20250717 09:38:32.882000,0,0.12,49,0.12,1,REGULAR,REGULAR,EDGE,10247
FOXO,20250717 09:38:32.883000,0,0.12,2,0.12,1,REGULAR,REGULAR,EDGX,10247
FOXO,20250717 09:38:32.883000,0,0.12,2,0.12,1,REGULAR,REGULAR,EDGX,10247
FOXO,20250717 09:38:32.907000,0,0.12,2,0.12,1,REGULAR,REGULAR,EDGX,10247
FOXO,20250717 09:38:36.120000,0,0.12,2,0.12,25,REGULAR,REGULAR,EDGX,10247
FOXO,20250717 09:38:41.690000,0,0.12,2,0.12,25,REGULAR,REGULAR,EDGX,10247
FOXO,20250717 09:39:01.008000,0,0.12,5,0.12,18,REGULAR,REGULAR,EDGX,10247
FOXO,20250717 09:39:01.153000,0,0.12,5,0.12,18,REGULAR,REGULAR,EDGX,10247
FOXO,20250717 09:39:04.823000,0,0.12,98,0.12,13,REGULAR,REGULAR,PACF,10247
FOXO,20250717 09:39:06.828000,0,0.12,98,0.12,795,REGULAR,REGULAR,PACF,10247
FOXO,20250717 09:39:07.559000,0,0.12,85,0.12,795,REGULAR,REGULAR,PACF,10247
FOXO,20250717 09:39:07.559000,0,0.12,85,0.12,795,REGULAR,REGULAR,PACF,10247
FOXO,20250717 09:39:07.559000,0,0.12,85,0.12,795,REGULAR,REGULAR,PACF,10247
FOXO,20250717 09:39:07.559000,0,0.12,85,0.12,795,REGULAR,REGULAR,PACF,10247
FOXO,20250717 09:39:07.559000,0,0.12,85,0.12,795,REGULAR,REGULAR,PACF,10247
FOXO,20250717 09:39:07.559000,0,0.12,85,0.12,795,REGULAR,REGULAR,PACF,10247
FOXO,20250717 09:39:12.669000,0,0.12,85,0.12,3,REGULAR,REGULAR,PACF,10313
FOXO,20250717 09:39:13.946000,0,0.12,83,0.12,3,REGULAR,REGULAR,PACF,10313
FOXO,20250717 09:39:21.734000,0,0.12,83,0.12,2,REGULAR,REGULAR,PACF,10313
FOXO,20250717 09:39:21.769000,0,0.12,82,0.12,2,REGULAR,REGULAR,PACF,10313
FOXO,20250717 09:39:27.200000,0,0.12,82,0.12,2,REGULAR,REGULAR,PACF,10313
FOXO,20250717 09:39:33.082000,0,0.12,82,0.12,2,REGULAR,REGULAR,PACF,10313
FOXO,20250717 09:39:33.542000,0,0.12,82,0.12,2,REGULAR,REGULAR,PACF,10313
FOXO,20250717 09:39:33.564000,0,0.12,78,0.12,2,REGULAR,REGULAR,PACF,10313
FOXO,20250717 09:39:37.910000,0,0.12,78,0.12,2,REGULAR,REGULAR,PACF,10313
FOXO,20250717 09:39:37.948000,0,0.12,76,0.12,2,REGULAR,REGULAR,PACF,10313
FOXO,20250717 09:39:42.687000,0,0.12,76,0.12,2,REGULAR,REGULAR,PACF,10313
FOXO,20250717 09:39:51.009000,0,0.12,76,0.12,2,REGULAR,REGULAR,PACF,10313
FOXO,20250717 09:39:58.117000,0,0.12,76,0.12,2,REGULAR,REGULAR,PACF,10313
FOXO,20250717 09:39:58.135000,0,0.12,76,0.12,2,REGULAR,REGULAR,PACF,10313
FOXO,20250717 09:39:58.137000,0,0.12,76,0.12,2,REGULAR,REGULAR,PACF,10313
FOXO,20250717 09:39:58.170000,0,0.12,74,0.12,2,REGULAR,REGULAR,PACF,10313
FOXO,20250717 09:40:03.019000,0,0.12,74,0.12,2,REGULAR,REGULAR,PACF,10313
FOXO,20250717 09:40:10.589000,0,0.12,74,0.12,2,REGULAR,REGULAR,PACF,10313
FOXO,20250717 09:40:10.678000,0,0.12,74,0.12,2,REGULAR,REGULAR,PACF,10313
FOXO,20250717 09:40:11.473000,0,0.12,74,0.12,2,REGULAR,REGULAR,PACF,10313
FOXO,20250717 09:40:16.369000,0,0.12,74,0.12,2,REGULAR,REGULAR,PACF,10313
FOXO,20250717 09:40:18.851000,0,0.12,74,0.12,2,REGULAR,REGULAR,PACF,10313
FOXO,20250717 09:40:21.909000,0,0.12,74,0.12,2,REGULAR,REGULAR,PACF,10313
FOXO,20250717 09:40:24.699000,0,0.12,74,0.12,2,REGULAR,REGULAR,PACF,10313
FOXO,20250717 09:40:29.252000,0,0.12,74,0.12,2,REGULAR,REGULAR,PACF,10313
FOXO,20250717 09:40:32.543000,0,0.12,74,0.12,2,REGULAR,REGULAR,PACF,10313
FOXO,20250717 09:40:32.670000,0,0.12,74,0.12,2,REGULAR,REGULAR,PACF,10313
FOXO,20250717 09:40:47.624000,0,0.12,177,0.12,2,REGULAR,REGULAR,PACF,10313
FOXO,20250717 09:40:58.681000,0,0.12,5,0.12,2,REGULAR,REGULAR,PACF,10313
FOXO,20250717 09:41:00.667000,0,0.12,5,0.12,2,REGULAR,REGULAR,PACF,10313
FOXO,20250717 09:41:02.745000,0,0.12,5,0.12,2,REGULAR,REGULAR,PACF,10313
FOXO,20250717 09:41:09.307000,0,0.12,177,0.12,435,REGULAR,REGULAR,PACF,10247
FOXO,20250717 09:41:10.868000,0,0.12,177,0.12,436,REGULAR,REGULAR,PACF,10247
FOXO,20250717 09:41:10.869000,0,0.12,177,0.12,436,REGULAR,REGULAR,PACF,10247
FOXO,20250717 09:41:10.869000,0,0.12,177,0.12,436,REGULAR,REGULAR,PACF,10247
FOXO,20250717 09:41:10.870000,0,0.12,177,0.12,436,REGULAR,REGULAR,PACF,10247
FOXO,20250717 09:41:10.969000,0,0.12,177,0.12,436,REGULAR,REGULAR,PACF,10247
FOXO,20250717 09:41:14.314000,0,0.12,177,0.12,436,REGULAR,REGULAR,PACF,10247
FOXO,20250717 09:41:14.314000,0,0.12,177,0.12,436,REGULAR,REGULAR,PACF,10247
FOXO,20250717 09:41:14.314000,0,0.12,177,0.12,436,REGULAR,REGULAR,PACF,10247
FOXO,20250717 09:41:14.314000,0,0.12,177,0.12,436,REGULAR,REGULAR,PACF,10247
FOXO,20250717 09:41:14.315000,0,0.12,177,0.12,428,REGULAR,REGULAR,PACF,10247
FOXO,20250717 09:41:14.315000,0,0.12,177,0.12,428,REGULAR,REGULAR,PACF,10247
FOXO,20250717 09:41:14.315000,0,0.12,177,0.12,428,REGULAR,REGULAR,PACF,10247
FOXO,20250717 09:41:14.315000,0,0.12,177,0.12,428,REGULAR,REGULAR,PACF,10247
FOXO,20250717 09:41:14.315000,0,0.12,177,0.12,428,REGULAR,REGULAR,PACF,10247
FOXO,20250717 09:41:14.315000,0,0.12,177,0.12,428,REGULAR,REGULAR,PACF,10247
FOXO,20250717 09:41:14.315000,0,0.12,177,0.12,428,REGULAR,REGULAR,PACF,10247
FOXO,20250717 09:41:14.316000,0,0.12,177,0.12,419,REGULAR,REGULAR,PACF,10247
FOXO,20250717 09:41:14.347000,0,0.12,177,0.12,419,REGULAR,REGULAR,PACF,10247
FOXO,20250717 09:41:22.124000,0,0.12,50,0.12,15,REGULAR,REGULAR,MEMX,10247
FOXO,20250717 09:41:22.124000,0,0.12,50,0.12,15,REGULAR,REGULAR,MEMX,10247
FOXO,20250717 09:41:22.124000,0,0.12,50,0.12,15,REGULAR,REGULAR,MEMX,10247
FOXO,20250717 09:41:22.124000,0,0.12,50,0.12,15,REGULAR,REGULAR,MEMX,10247
FOXO,20250717 09:41:22.124000,0,0.12,50,0.12,15,REGULAR,REGULAR,MEMX,10247
FOXO,20250717 09:41:22.910000,0,0.12,50,0.12,15,REGULAR,REGULAR,MEMX,10247
FOXO,20250717 09:41:23.699000,0,0.12,50,0.12,15,REGULAR,REGULAR,MEMX,10247
FOXO,20250717 09:41:23.700000,0,0.12,50,0.12,15,REGULAR,REGULAR,MEMX,10247
FOXO,20250717 09:41:23.701000,0,0.12,50,0.12,419,REGULAR,REGULAR,MEMX,10247
FOXO,20250717 09:41:23.701000,0,0.12,50,0.12,419,REGULAR,REGULAR,MEMX,10247
FOXO,20250717 09:41:23.701000,0,0.12,50,0.12,419,REGULAR,REGULAR,MEMX,10247
FOXO,20250717 09:41:23.736000,0,0.12,44,0.12,419,REGULAR,REGULAR,MEMX,10247
FOXO,20250717 09:41:30.374000,0,0.12,44,0.12,419,REGULAR,REGULAR,MEMX,10247
FOXO,20250717 09:41:30.629000,0,0.12,44,0.12,419,REGULAR,REGULAR,MEMX,10247
FOXO,20250717 09:41:31.798000,0,0.12,2,0.12,419,REGULAR,REGULAR,MEMX,10247
FOXO,20250717 09:41:34.848000,0,0.12,2,0.12,419,REGULAR,REGULAR,MEMX,10247
FOXO,20250717 09:41:44.041000,0,0.12,4,0.12,419,REGULAR,REGULAR,EDGX,10247
FOXO,20250717 09:41:44.751000,0,0.12,4,0.12,419,REGULAR,REGULAR,EDGX,10247
FOXO,20250717 09:41:47.936000,0,0.12,4,0.12,419,REGULAR,REGULAR,EDGX,10247
FOXO,20250717 09:41:58.950000,0,0.12,4,0.12,419,REGULAR,REGULAR,EDGX,10247
FOXO,20250717 09:42:19.136000,0,0.12,5,0.12,419,REGULAR,REGULAR,EDGX,10247
FOXO,20250717 09:42:24.477000,0,0.12,5,0.12,419,REGULAR,REGULAR,EDGX,10247
FOXO,20250717 09:42:26.096000,0,0.12,5,0.12,419,REGULAR,REGULAR,EDGX,10247
FOXO,20250717 09:42:26.662000,0,0.12,3,0.12,419,REGULAR,REGULAR,EDGX,10247
FOXO,20250717 09:42:29.059000,0,0.12,3,0.12,419,REGULAR,REGULAR,EDGX,10247
FOXO,20250717 09:42:29.175000,0,0.12,50,0.12,416,REGULAR,REGULAR,BATY,10247
FOXO,20250717 09:42:29.175000,0,0.12,50,0.12,416,REGULAR,REGULAR,BATY,10247
FOXO,20250717 09:42:29.864000,0,0.12,30,0.12,416,REGULAR,REGULAR,PACF,10247
FOXO,20250717 09:42:32.076000,0,0.12,28,0.12,416,REGULAR,REGULAR,PACF,10247
FOXO,20250717 09:42:32.246000,0,0.12,26,0.12,416,REGULAR,REGULAR,PACF,10247
FOXO,20250717 09:42:35.295000,0,0.12,26,0.12,416,REGULAR,REGULAR,PACF,10247
FOXO,20250717 09:42:36.218000,0,0.12,24,0.12,416,REGULAR,REGULAR,PACF,10247
FOXO,20250717 09:42:36.252000,0,0.12,24,0.12,416,REGULAR,REGULAR,PACF,10247
FOXO,20250717 09:42:37.534000,0,0.12,22,0.12,416,REGULAR,REGULAR,PACF,10247
FOXO,20250717 09:42:45.324000,0,0.12,22,0.12,416,REGULAR,REGULAR,PACF,10247
FOXO,20250717 09:42:49.137000,0,0.12,22,0.12,416,REGULAR,REGULAR,PACF,10247
FOXO,20250717 09:42:53.420000,0,0.12,22,0.12,416,REGULAR,REGULAR,PACF,10247
FOXO,20250717 09:42:53.472000,0,0.12,5,0.12,416,REGULAR,REGULAR,PACF,10247
FOXO,20250717 09:42:53.936000,0,0.12,2,0.12,416,REGULAR,REGULAR,PACF,10247
FOXO,20250717 09:42:56.496000,0,0.12,2,0.12,416,REGULAR,REGULAR,PACF,10247
FOXO,20250717 09:42:58.295000,0,0.12,44,0.12,414,REGULAR,REGULAR,MEMX,10247
FOXO,20250717 09:42:58.374000,0,0.12,44,0.12,414,REGULAR,REGULAR,MEMX,10247
FOXO,20250717 09:42:58.589000,0,0.12,44,0.12,414,REGULAR,REGULAR,MEMX,10247
FOXO,20250717 09:42:59.500000,0,0.12,44,0.12,414,REGULAR,REGULAR,MEMX,10247
FOXO,20250717 09:42:59.907000,0,0.12,44,0.12,414,REGULAR,REGULAR,MEMX,10247
FOXO,20250717 09:43:02.445000,0,0.12,44,0.12,414,REGULAR,REGULAR,MEMX,10247
FOXO,20250717 09:43:09.336000,0,0.12,7,0.12,414,REGULAR,REGULAR,MEMX,10247
FOXO,20250717 09:43:10.120000,0,0.12,44,0.12,414,REGULAR,REGULAR,MEMX,10247
FOXO,20250717 09:43:11.622000,0,0.12,1,0.12,15,REGULAR,REGULAR,PACF,10247
FOXO,20250717 09:43:11.622000,0,0.12,1,0.12,15,REGULAR,REGULAR,PACF,10247
FOXO,20250717 09:43:11.622000,0,0.12,1,0.12,15,REGULAR,REGULAR,PACF,10247
FOXO,20250717 09:43:13.099000,0,0.12,1,0.12,703,REGULAR,REGULAR,PACF,10247
FOXO,20250717 09:43:13.337000,0,0.12,10,0.12,703,REGULAR,REGULAR,PACF,10247
FOXO,20250717 09:43:13.632000,0,0.12,10,0.12,703,REGULAR,REGULAR,PACF,10247
FOXO,20250717 09:43:15.053000,0,0.12,10,0.12,703,REGULAR,REGULAR,PACF,10247
FOXO,20250717 09:43:16.194000,0,0.12,10,0.12,703,REGULAR,REGULAR,PACF,10247
FOXO,20250717 09:43:16.531000,0,0.12,10,0.12,703,REGULAR,REGULAR,PACF,10247
FOXO,20250717 09:43:17.385000,0,0.12,7,0.12,226,REGULAR,REGULAR,PACF,10247
FOXO,20250717 09:43:17.385000,0,0.12,7,0.12,226,REGULAR,REGULAR,PACF,10247
FOXO,20250717 09:43:18.009000,0,0.12,7,0.12,226,REGULAR,REGULAR,PACF,10247
FOXO,20250717 09:43:18.143000,0,0.12,7,0.12,226,REGULAR,REGULAR,PACF,10247
FOXO,20250717 09:43:19.447000,0,0.12,7,0.12,19,REGULAR,REGULAR,PACF,10241
FOXO,20250717 09:43:19.724000,0,0.12,10,0.12,19,REGULAR,REGULAR,PACF,10241
FOXO,20250717 09:43:19.724000,0,0.12,10,0.12,19,REGULAR,REGULAR,PACF,10241
FOXO,20250717 09:43:19.724000,0,0.12,10,0.12,19,REGULAR,REGULAR,PACF,10241
FOXO,20250717 09:43:19.724000,0,0.12,10,0.12,19,REGULAR,REGULAR,PACF,10241
FOXO,20250717 09:43:20.830000,0,0.12,10,0.12,21,REGULAR,REGULAR,PACF,10241
FOXO,20250717 09:43:23.959000,0,0.12,10,0.12,11,REGULAR,REGULAR,PACF,10241
FOXO,20250717 09:43:26.001000,0,0.12,10,0.12,19,REGULAR,REGULAR,PACF,10241
FOXO,20250717 09:43:26.001000,0,0.12,10,0.12,19,REGULAR,REGULAR,PACF,10241
FOXO,20250717 09:43:29.092000,0,0.12,70,0.12,21,REGULAR,REGULAR,PACF,10241
FOXO,20250717 09:43:29.946000,0,0.12,70,0.12,7,REGULAR,REGULAR,PACF,10241
FOXO,20250717 09:43:30.205000,0,0.12,70,0.12,16,REGULAR,REGULAR,PACF,10241
FOXO,20250717 09:43:31.732000,0,0.12,70,0.12,14,REGULAR,REGULAR,PACF,10241
FOXO,20250717 09:43:37.070000,0,0.12,70,0.12,19,REGULAR,REGULAR,PACF,10241
FOXO,20250717 09:43:38.378000,0,0.12,70,0.12,12,REGULAR,REGULAR,PACF,10241
FOXO,20250717 09:43:39.246000,0,0.12,70,0.12,18,REGULAR,REGULAR,PACF,10241
FOXO,20250717 09:43:42.993000,0,0.12,70,0.12,15,REGULAR,REGULAR,PACF,10241
FOXO,20250717 09:43:42.993000,0,0.12,70,0.12,15,REGULAR,REGULAR,PACF,10241
FOXO,20250717 09:43:42.994000,0,0.12,70,0.12,15,REGULAR,REGULAR,PACF,10241
FOXO,20250717 09:43:52.229000,0,0.12,94,0.12,18,REGULAR,REGULAR,PACF,10241
FOXO,20250717 09:43:53.284000,0,0.12,94,0.12,20,REGULAR,REGULAR,PACF,10241
FOXO,20250717 09:43:53.984000,0,0.12,94,0.12,20,REGULAR,REGULAR,PACF,10241
FOXO,20250717 09:43:54.072000,0,0.12,94,0.12,16,REGULAR,REGULAR,PACF,10241
FOXO,20250717 09:43:54.214000,0,0.12,94,0.12,16,REGULAR,REGULAR,PACF,10241
FOXO,20250717 09:43:54.214000,0,0.12,94,0.12,16,REGULAR,REGULAR,PACF,10241
FOXO,20250717 09:43:54.214000,0,0.12,94,0.12,16,REGULAR,REGULAR,PACF,10241
FOXO,20250717 09:43:54.214000,0,0.12,94,0.12,16,REGULAR,REGULAR,PACF,10241
FOXO,20250717 09:43:54.214000,0,0.12,94,0.12,16,REGULAR,REGULAR,PACF,10241
FOXO,20250717 09:43:54.214000,0,0.12,94,0.12,16,REGULAR,REGULAR,PACF,10241
FOXO,20250717 09:43:54.214000,0,0.12,94,0.12,16,REGULAR,REGULAR,PACF,10241
FOXO,20250717 09:43:54.214000,0,0.12,94,0.12,16,REGULAR,REGULAR,PACF,10241
FOXO,20250717 09:43:54.214000,0,0.12,94,0.12,16,REGULAR,REGULAR,PACF,10241
FOXO,20250717 09:43:54.215000,0,0.12,94,0.12,16,REGULAR,REGULAR,PACF,10241
FOXO,20250717 09:43:55.299000,0,0.12,94,0.12,15,REGULAR,REGULAR,PACF,10241
FOXO,20250717 09:43:56.220000,0,0.12,94,0.12,15,REGULAR,REGULAR,PACF,10241
FOXO,20250717 09:43:57.360000,0,0.12,94,0.12,15,REGULAR,REGULAR,PACF,10241
FOXO,20250717 09:43:59.433000,0,0.12,94,0.12,15,REGULAR,REGULAR,PACF,10241
FOXO,20250717 09:43:59.434000,0,0.12,94,0.12,15,REGULAR,REGULAR,PACF,10241
FOXO,20250717 09:44:01.518000,0,0.12,95,0.12,16,REGULAR,REGULAR,PACF,10241
FOXO,20250717 09:44:09.156000,0,0.12,2,0.12,703,REGULAR,REGULAR,EDGX,10247
FOXO,20250717 09:44:09.157000,0,0.12,2,0.12,703,REGULAR,REGULAR,EDGX,10247
FOXO,20250717 09:44:11.014000,0,0.12,2,0.12,703,REGULAR,REGULAR,EDGX,10247
FOXO,20250717 09:44:17.032000,0,0.12,2,0.12,15,REGULAR,REGULAR,EDGX,10247
FOXO,20250717 09:44:17.032000,0,0.12,2,0.12,15,REGULAR,REGULAR,EDGX,10247
FOXO,20250717 09:44:17.033000,0,0.12,15,0.12,24,REGULAR,REGULAR,PACF,10241
FOXO,20250717 09:44:17.504000,0,0.12,95,0.12,13,REGULAR,REGULAR,PACF,10241
FOXO,20250717 09:44:19.046000,0,0.12,95,0.12,22,REGULAR,REGULAR,PACF,10241
FOXO,20250717 09:44:22.988000,0,0.12,1,0.12,23,REGULAR,REGULAR,MEMX,10241
FOXO,20250717 09:44:26.973000,0,0.12,1,0.12,18,REGULAR,REGULAR,MEMX,10241
FOXO,20250717 09:44:27.279000,0,0.12,1,0.12,18,REGULAR,REGULAR,MEMX,10241
FOXO,20250717 09:44:27.414000,0,0.12,1,0.12,14,REGULAR,REGULAR,MEMX,10241
FOXO,20250717 09:44:29.254000,0,0.12,1,0.12,14,REGULAR,REGULAR,MEMX,10241
FOXO,20250717 09:44:29.646000,0,0.12,1,0.12,13,REGULAR,REGULAR,MEMX,10241
FOXO,20250717 09:44:30.148000,0,0.12,1,0.12,13,REGULAR,REGULAR,MEMX,10241
FOXO,20250717 09:44:31.548000,0,0.12,1,0.12,15,REGULAR,REGULAR,MEMX,10241
FOXO,20250717 09:44:37.562000,0,0.12,1,0.12,13,REGULAR,REGULAR,MEMX,10241
FOXO,20250717 09:44:40.655000,0,0.12,1,0.12,23,REGULAR,REGULAR,MEMX,10241
FOXO,20250717 09:44:40.658000,0,0.12,95,0.12,22,REGULAR,REGULAR,PACF,10241
FOXO,20250717 09:44:41.134000,0,0.12,95,0.12,23,REGULAR,REGULAR,PACF,10241
FOXO,20250717 09:44:42.718000,0,0.12,95,0.12,25,REGULAR,REGULAR,PACF,10241
FOXO,20250717 09:44:44.389000,0,0.12,95,0.12,26,REGULAR,REGULAR,PACF,10241
FOXO,20250717 09:44:44.396000,0,0.12,95,0.12,19,REGULAR,REGULAR,PACF,10241
FOXO,20250717 09:44:44.671000,0,0.12,95,0.12,14,REGULAR,REGULAR,PACF,10241
FOXO,20250717 09:44:48.167000,0,0.12,95,0.12,20,REGULAR,REGULAR,PACF,10241
FOXO,20250717 09:44:52.120000,0,0.12,98,0.12,26,REGULAR,REGULAR,PACF,10241
FOXO,20250717 09:44:53.335000,0,0.12,98,0.12,26,REGULAR,REGULAR,PACF,10241
FOXO,20250717 09:44:53.807000,0,0.12,98,0.12,12,REGULAR,REGULAR,PACF,10241
FOXO,20250717 09:44:54.217000,0,0.12,98,0.12,22,REGULAR,REGULAR,PACF,10241
FOXO,20250717 09:45:00.928000,0,0.12,98,0.12,703,REGULAR,REGULAR,PACF,10247
FOXO,20250717 09:45:03.185000,0,0.12,98,0.12,703,REGULAR,REGULAR,PACF,10247
FOXO,20250717 09:45:05.164000,0,0.12,98,0.12,703,REGULAR,REGULAR,PACF,10247
FOXO,20250717 09:45:06.980000,0,0.12,98,0.12,703,REGULAR,REGULAR,PACF,10247
FOXO,20250717 09:45:07.232000,0,0.12,98,0.12,703,REGULAR,REGULAR,PACF,10247
FOXO,20250717 09:45:07.696000,0,0.12,98,0.12,703,REGULAR,REGULAR,PACF,10247
FOXO,20250717 09:45:11.471000,0,0.12,98,0.12,703,REGULAR,REGULAR,PACF,10247
FOXO,20250717 09:45:11.474000,0,0.12,98,0.12,703,REGULAR,REGULAR,PACF,10247
FOXO,20250717 09:45:14.648000,0,0.12,98,0.12,703,REGULAR,REGULAR,PACF,10247
FOXO,20250717 09:45:16.339000,0,0.12,98,0.12,703,REGULAR,REGULAR,PACF,10247
FOXO,20250717 09:45:22.051000,0,0.12,98,0.12,14,REGULAR,REGULAR,PACF,10241
FOXO,20250717 09:45:23.359000,0,0.12,98,0.12,23,REGULAR,REGULAR,PACF,10241
FOXO,20250717 09:45:24.799000,0,0.12,98,0.12,15,REGULAR,REGULAR,PACF,10241
FOXO,20250717 09:45:25.940000,0,0.12,98,0.12,16,REGULAR,REGULAR,PACF,10241
FOXO,20250717 09:45:47.096000,0,0.12,17,0.12,23,REGULAR,REGULAR,MIAX,10241
FOXO,20250717 09:45:49.463000,0,0.12,17,0.12,24,REGULAR,REGULAR,MIAX,10241
FOXO,20250717 09:45:49.470000,0,0.12,17,0.12,16,REGULAR,REGULAR,MIAX,10241
FOXO,20250717 09:45:52.734000,0,0.12,17,0.12,19,REGULAR,REGULAR,MIAX,10241
FOXO,20250717 09:45:52.862000,0,0.12,17,0.12,19,REGULAR,REGULAR,MIAX,10241
FOXO,20250717 09:45:53.184000,0,0.12,17,0.12,19,REGULAR,REGULAR,MIAX,10241
FOXO,20250717 09:45:54.629000,0,0.12,17,0.12,10,REGULAR,REGULAR,MIAX,10305
FOXO,20250717 09:45:54.629000,0,0.12,17,0.12,10,REGULAR,REGULAR,MIAX,10305
FOXO,20250717 09:45:54.647000,0,0.12,17,0.12,15,REGULAR,REGULAR,MIAX,10241
FOXO,20250717 09:45:58.646000,0,0.12,17,0.12,16,REGULAR,REGULAR,MIAX,10241
FOXO,20250717 09:45:58.646000,0,0.12,17,0.12,16,REGULAR,REGULAR,MIAX,10241
FOXO,20250717 09:45:58.657000,0,0.12,17,0.12,14,REGULAR,REGULAR,MIAX,10241
FOXO,20250717 09:46:04.635000,0,0.12,17,0.12,11,REGULAR,REGULAR,MIAX,10241
FOXO,20250717 09:46:06.175000,0,0.12,17,0.12,12,REGULAR,REGULAR,MIAX,10241
FOXO,20250717 09:46:27.294000,0,0.12,108,0.12,14,REGULAR,REGULAR,MEMX,10241
FOXO,20250717 09:46:28.555000,0,0.12,108,0.12,14,REGULAR,REGULAR,MEMX,10241
FOXO,20250717 09:46:28.555000,0,0.12,108,0.12,14,REGULAR,REGULAR,MEMX,10241
FOXO,20250717 09:46:28.555000,0,0.12,108,0.12,14,REGULAR,REGULAR,MEMX,10241
FOXO,20250717 09:46:30.801000,0,0.12,108,0.12,15,REGULAR,REGULAR,MEMX,10313
FOXO,20250717 09:46:30.801000,0,0.12,108,0.12,15,REGULAR,REGULAR,MEMX,10313
FOXO,20250717 09:46:30.802000,0,0.12,108,0.12,15,REGULAR,REGULAR,MEMX,10313
FOXO,20250717 09:46:34.195000,0,0.12,108,0.12,15,REGULAR,REGULAR,MEMX,10313
FOXO,20250717 09:46:34.195000,0,0.12,108,0.12,15,REGULAR,REGULAR,MEMX,10313
FOXO,20250717 09:46:34.196000,0,0.12,96,0.12,15,REGULAR,REGULAR,MEMX,10241
FOXO,20250717 09:46:34.597000,0,0.12,96,0.12,15,REGULAR,REGULAR,MEMX,10241
FOXO,20250717 09:46:34.597000,0,0.12,96,0.12,15,REGULAR,REGULAR,MEMX,10241
FOXO,20250717 09:46:34.600000,0,0.12,96,0.12,15,REGULAR,REGULAR,MEMX,10241
FOXO,20250717 09:46:34.601000,0,0.12,96,0.12,15,REGULAR,REGULAR,MEMX,10241
FOXO,20250717 09:46:34.601000,0,0.12,96,0.12,15,REGULAR,REGULAR,MEMX,10241
FOXO,20250717 09:46:34.601000,0,0.12,96,0.12,15,REGULAR,REGULAR,MEMX,10241
FOXO,20250717 09:46:34.601000,0,0.12,96,0.12,15,REGULAR,REGULAR,MEMX,10241
FOXO,20250717 09:46:34.604000,0,0.12,96,0.12,15,REGULAR,REGULAR,MEMX,10241
FOXO,20250717 09:46:35.192000,0,0.12,96,0.12,10,REGULAR,REGULAR,MEMX,10305
FOXO,20250717 09:46:35.192000,0,0.12,96,0.12,10,REGULAR,REGULAR,MEMX,10305
FOXO,20250717 09:46:36.199000,0,0.12,96,0.12,10,REGULAR,REGULAR,MEMX,10305
FOXO,20250717 09:46:37.287000,0,0.12,2,0.12,10,REGULAR,REGULAR,PACF,10305
FOXO,20250717 09:46:39.681000,0,0.12,2,0.12,10,REGULAR,REGULAR,PACF,10305
FOXO,20250717 09:46:39.853000,0,0.12,2,0.12,10,REGULAR,REGULAR,PACF,10305
FOXO,20250717 09:46:40.882000,0,0.12,2,0.12,10,REGULAR,REGULAR,PACF,10305
FOXO,20250717 09:46:43.292000,0,0.12,2,0.12,10,REGULAR,REGULAR,PACF,10305
FOXO,20250717 09:46:45.640000,0,0.12,2,0.12,10,REGULAR,REGULAR,PACF,10305
FOXO,20250717 09:46:46.658000,0,0.12,96,0.12,10,REGULAR,REGULAR,MEMX,10305
FOXO,20250717 09:46:47.472000,0,0.12,96,0.12,10,REGULAR,REGULAR,MEMX,10305
FOXO,20250717 09:46:50.278000,0,0.12,96,0.12,10,REGULAR,REGULAR,MEMX,10305
FOXO,20250717 09:46:54.098000,0,0.12,7,0.12,10,REGULAR,REGULAR,MEMX,10305
FOXO,20250717 09:46:54.098000,0,0.12,7,0.12,10,REGULAR,REGULAR,MEMX,10305
FOXO,20250717 09:46:54.645000,0,0.12,7,0.12,10,REGULAR,REGULAR,MEMX,10305
FOXO,20250717 09:46:55.001000,0,0.12,7,0.12,11,REGULAR,REGULAR,MEMX,10313
FOXO,20250717 09:46:57.470000,0,0.12,7,0.12,10,REGULAR,REGULAR,MEMX,10305
FOXO,20250717 09:47:01.101000,0,0.12,2,0.12,19,REGULAR,REGULAR,PACF,10313
FOXO,20250717 09:47:03.524000,0,0.12,100,0.12,20,REGULAR,REGULAR,IEX,10313
FOXO,20250717 09:47:06.348000,0,0.12,100,0.12,22,REGULAR,REGULAR,IEX,10313
FOXO,20250717 09:47:06.688000,0,0.12,100,0.12,22,REGULAR,REGULAR,IEX,10313
FOXO,20250717 09:47:06.689000,0,0.12,100,0.12,22,REGULAR,REGULAR,IEX,10313
FOXO,20250717 09:47:06.689000,0,0.12,100,0.12,22,REGULAR,REGULAR,IEX,10313
FOXO,20250717 09:47:07.511000,0,0.12,100,0.12,23,REGULAR,REGULAR,IEX,10313
FOXO,20250717 09:47:12.728000,0,0.12,100,0.12,26,REGULAR,REGULAR,IEX,10313
FOXO,20250717 09:47:13.911000,0,0.12,100,0.12,26,REGULAR,REGULAR,IEX,10313
FOXO,20250717 09:47:15.814000,0,0.12,100,0.12,27,REGULAR,REGULAR,IEX,10313
FOXO,20250717 09:47:21.744000,0,0.12,100,0.12,27,REGULAR,REGULAR,IEX,10313
FOXO,20250717 09:47:26.887000,0,0.12,100,0.12,23,REGULAR,REGULAR,IEX,10313
FOXO,20250717 09:47:26.889000,0,0.12,100,0.12,23,REGULAR,REGULAR,IEX,10313
FOXO,20250717 09:47:32.373000,0,0.12,2,0.12,26,REGULAR,REGULAR,PACF,10313
FOXO,20250717 09:47:32.374000,0,0.12,2,0.12,26,REGULAR,REGULAR,PACF,10313
FOXO,20250717 09:47:32.375000,0,0.12,2,0.12,26,REGULAR,REGULAR,PACF,10313
FOXO,20250717 09:47:32.375000,0,0.12,2,0.12,26,REGULAR,REGULAR,PACF,10313
FOXO,20250717 09:47:33.156000,0,0.12,2,0.12,17,REGULAR,REGULAR,PACF,10241
FOXO,20250717 09:47:33.365000,0,0.12,2,0.12,17,REGULAR,REGULAR,PACF,10313
FOXO,20250717 09:47:43.449000,0,0.12,27,0.12,29,REGULAR,REGULAR,PACF,10313
FOXO,20250717 09:47:43.784000,0,0.12,10,0.12,17,REGULAR,REGULAR,PACF,10241
FOXO,20250717 09:47:44.424000,0,0.12,2,0.12,17,REGULAR,REGULAR,PACF,10241
FOXO,20250717 09:47:44.425000,0,0.12,2,0.12,17,REGULAR,REGULAR,PACF,10241
FOXO,20250717 09:47:44.426000,0,0.12,2,0.12,17,REGULAR,REGULAR,PACF,10313
FOXO,20250717 09:47:44.426000,0,0.12,2,0.12,17,REGULAR,REGULAR,PACF,10313
FOXO,20250717 09:47:44.426000,0,0.12,2,0.12,17,REGULAR,REGULAR,PACF,10313
FOXO,20250717 09:47:44.427000,0,0.12,2,0.12,17,REGULAR,REGULAR,PACF,10313
FOXO,20250717 09:47:44.853000,0,0.12,2,0.12,19,REGULAR,REGULAR,PACF,10313
FOXO,20250717 09:47:48.490000,0,0.12,379,0.12,22,REGULAR,REGULAR,PACF,10313
FOXO,20250717 09:47:52.136000,0,0.12,384,0.12,26,REGULAR,REGULAR,PACF,10313
FOXO,20250717 09:47:52.633000,0,0.12,384,0.12,27,REGULAR,REGULAR,PACF,10313
FOXO,20250717 09:47:55.098000,0,0.12,384,0.12,28,REGULAR,REGULAR,PACF,10313
FOXO,20250717 09:47:55.916000,0,0.12,384,0.12,28,REGULAR,REGULAR,PACF,10313
FOXO,20250717 09:47:56.146000,0,0.12,384,0.12,28,REGULAR,REGULAR,PACF,10313
FOXO,20250717 09:47:56.147000,0,0.12,384,0.12,28,REGULAR,REGULAR,PACF,10313
FOXO,20250717 09:47:56.147000,0,0.12,384,0.12,28,REGULAR,REGULAR,PACF,10313
FOXO,20250717 09:48:00.174000,0,0.12,370,0.12,17,REGULAR,REGULAR,PACF,10313
FOXO,20250717 09:48:00.339000,0,0.12,370,0.12,17,REGULAR,REGULAR,PACF,10313
FOXO,20250717 09:48:02.596000,0,0.12,120,0.12,19,REGULAR,REGULAR,PACF,10313
FOXO,20250717 09:48:03.513000,0,0.12,120,0.12,29,REGULAR,REGULAR,PACF,10313
FOXO,20250717 09:48:04.064000,0,0.12,120,0.12,17,REGULAR,REGULAR,PACF,10241
FOXO,20250717 09:48:04.632000,0,0.12,120,0.12,19,REGULAR,REGULAR,PACF,10313
FOXO,20250717 09:48:05.399000,0,0.12,120,0.12,17,REGULAR,REGULAR,PACF,10241
FOXO,20250717 09:48:05.399000,0,0.12,120,0.12,17,REGULAR,REGULAR,PACF,10241
FOXO,20250717 09:48:05.400000,0,0.12,120,0.12,10,REGULAR,REGULAR,PACF,10305
