SymbolId,TradeTime,Index,Size,TotalVolume,Price,ReportingExchange,TradeCondition
FOXO,20250717 04:00:04.640000,1244,768,1968,0.14,PACF,12545
FOXO,20250717 04:00:04.640000,1243,1200,1200,0.14,PACF,12545
FOXO,20250717 04:00:05.593000,1279,10,1978,0.14,EDGX,12545
FOXO,20250717 04:00:06.525000,1375,4232,6210,0.14,PACF,12545
FOXO,20250717 04:00:13.273000,2103,281,6491,0.14,NQEX,12545
FOXO,20250717 04:00:20.559000,2825,837,7328,0.13,NQEX,12545
FOXO,20250717 04:00:29.017000,3354,10,7338,0.13,NQEX,12545
FOXO,20250717 04:00:48.859000,4374,20,7358,0.13,NQEX,12545
FOXO,20250717 04:00:50.765000,4534,1,7359,0.13,PACF,12545
FOXO,20250717 04:00:53.235000,4688,10,7369,0.13,EDGX,12545
FOXO,20250717 04:00:55.387000,4756,8,7377,0.13,PACF,12545
FOXO,20250717 04:01:01.396000,5073,1500,8877,0.13,EDGX,12545
FOXO,20250717 04:01:25.270000,7166,149,9026,0.13,EDGX,12545
FOXO,20250717 04:02:27.556000,11914,100,9126,0.13,EDGX,12545
FOXO,20250717 04:02:27.557000,11915,900,10026,0.13,PACF,12545
FOXO,20250717 04:02:30.101000,12093,43,10069,0.13,EDGX,12545
FOXO,20250717 04:02:47.693000,13483,768,11069,0.13,EDGX,12545
FOXO,20250717 04:02:47.693000,13482,1,10301,0.13,PACF,12545
FOXO,20250717 04:02:47.693000,13481,100,10300,0.13,PACF,12545
FOXO,20250717 04:02:47.693000,13480,6,10200,0.13,PACF,12545
FOXO,20250717 04:02:47.693000,13479,25,10194,0.13,PACF,12545
FOXO,20250717 04:02:47.693000,13478,100,10169,0.13,PACF,12545
FOXO,20250717 04:03:13.808000,15279,180,11249,0.13,PACF,12545
FOXO,20250717 04:03:37.746000,17359,3800,16249,0.13,PACF,12545
FOXO,20250717 04:03:37.746000,17358,1200,12449,0.13,PACF,12545
FOXO,20250717 04:03:39.389000,17443,403,16652,0.13,PACF,12545
FOXO,20250717 04:03:43.329000,17683,100,16752,0.13,PACF,12545
FOXO,20250717 04:03:43.345000,17689,200,16952,0.13,PACF,12545
FOXO,20250717 04:03:52.204000,18504,58,17010,0.13,PACF,12545
FOXO,20250717 04:03:52.264000,18520,500,17510,0.13,PACF,12545
FOXO,20250717 04:03:56.302000,18762,18,17528,0.13,PACF,12545
FOXO,20250717 04:03:59.429000,18987,400,17928,0.13,PACF,12545
FOXO,20250717 04:04:01.332000,19103,42,17970,0.13,PACF,12545
FOXO,20250717 04:04:03.284000,19224,1,17971,0.13,PACF,12545
FOXO,20250717 04:04:04.289000,19332,35,18006,0.13,PACF,12545
FOXO,20250717 04:04:14.189000,20078,100,18106,0.13,PACF,12545
FOXO,20250717 04:04:17.328000,20411,1,18107,0.13,PACF,12545
FOXO,20250717 04:04:25.227000,20934,141,18248,0.13,PACF,12545
FOXO,20250717 04:04:25.261000,20941,500,18748,0.13,PACF,12545
FOXO,20250717 04:04:26.311000,20998,1,18749,0.13,PACF,12545
FOXO,20250717 04:04:33.817000,21432,496,19245,0.13,PACF,12545
FOXO,20250717 04:04:35.265000,21498,55,19300,0.13,PACF,12545
FOXO,20250717 04:04:41.269000,21946,500,19800,0.13,PACF,12545
FOXO,20250717 04:04:42.424000,22135,1000,20800,0.13,PACF,12545
FOXO,20250717 04:04:49.980000,22467,1757,22557,0.13,EDGX,12545
FOXO,20250717 04:04:49.980000,22468,902,23459,0.13,EDGX,12545
FOXO,20250717 04:04:49.982000,22470,847,27654,0.13,PACF,12545
FOXO,20250717 04:04:49.982000,22469,3348,26807,0.13,PACF,12545
FOXO,20250717 04:05:26.408000,23939,1000,28654,0.13,PACF,12545
FOXO,20250717 04:05:26.855000,23955,1000,29654,0.13,PACF,12545
FOXO,20250717 04:05:27.340000,23992,1000,30654,0.13,PACF,12545
FOXO,20250717 04:05:27.833000,23998,1000,31654,0.13,PACF,12545
FOXO,20250717 04:05:28.350000,24004,1000,32654,0.13,PACF,12545
FOXO,20250717 04:05:28.877000,24031,1000,33654,0.13,PACF,12545
FOXO,20250717 04:05:29.670000,24066,1000,34654,0.13,PACF,12545
FOXO,20250717 04:05:30.200000,24083,1000,35654,0.13,PACF,12545
FOXO,20250717 04:05:30.720000,24101,500,37354,0.13,PACF,12545
FOXO,20250717 04:05:30.720000,24102,701,38055,0.13,PACF,12545
FOXO,20250717 04:05:30.720000,24100,1200,36854,0.13,PACF,12545
FOXO,20250717 04:05:31.072000,24111,1000,39055,0.13,PACF,12545
FOXO,20250717 04:05:31.728000,24124,1000,40055,0.13,PACF,12545
FOXO,20250717 04:05:36.300000,24279,800,41055,0.13,PACF,12545
FOXO,20250717 04:05:36.300000,24278,200,40255,0.13,PACF,12545
FOXO,20250717 04:05:36.811000,24296,1000,42055,0.13,PACF,12545
FOXO,20250717 04:05:38.158000,24394,1000,43055,0.13,PACF,12545
FOXO,20250717 04:05:53.071000,24803,1,43056,0.13,PACF,12545
FOXO,20250717 04:05:55.171000,24859,1,43057,0.13,PACF,12545
FOXO,20250717 04:06:17.349000,25623,572,43629,0.13,EDGX,12545
FOXO,20250717 04:06:44.167000,26485,541,44871,0.13,PACF,12545
FOXO,20250717 04:06:44.167000,26484,701,44330,0.13,PACF,12545
FOXO,20250717 04:06:53.727000,26730,571,45442,0.13,PACF,12545
FOXO,20250717 04:07:11.199000,27188,281,45723,0.13,PACF,12545
FOXO,20250717 04:08:09.220000,29572,7,45730,0.13,PACF,12545
FOXO,20250717 04:08:13.592000,29649,1,45731,0.13,EDGX,12545
FOXO,20250717 04:08:21.700000,29898,1,45732,0.13,EDGX,12545
FOXO,20250717 04:09:07.605000,31223,300,46032,0.13,PACF,12545
FOXO,20250717 04:09:32.036000,31981,300,46332,0.13,PACF,12545
FOXO,20250717 04:10:11.714000,32932,1000,47332,0.13,PACF,12545
FOXO,20250717 04:10:12.313000,32943,749,48081,0.13,PACF,12545
FOXO,20250717 04:10:12.313000,32944,251,48332,0.13,PACF,12545
FOXO,20250717 04:10:14.047000,32979,1000,49332,0.13,PACF,12545
FOXO,20250717 04:10:15.350000,33038,1000,50332,0.13,PACF,12545
FOXO,20250717 04:10:45.668000,33675,2183,52515,0.13,EDGX,12545
FOXO,20250717 04:11:19.292000,34879,50,52565,0.13,EDGX,12545
FOXO,20250717 04:11:39.067000,35474,20,52585,0.13,EDGX,12545
FOXO,20250717 04:15:08.445000,40736,1534,54119,0.13,EDGX,12545
FOXO,20250717 04:16:06.216000,41879,360,54479,0.13,PACF,12545
FOXO,20250717 04:16:06.216000,41880,1640,56119,0.13,PACF,12545
FOXO,20250717 04:17:02.799000,43212,10,56129,0.13,PACF,12545
FOXO,20250717 04:17:18.347000,43772,36,56165,0.13,PACF,12545
FOXO,20250717 04:19:38.790000,47020,49,56215,0.13,PACF,12545
FOXO,20250717 04:19:38.790000,47019,1,56166,0.13,PACF,12545
FOXO,20250717 04:20:05.661000,47478,203,56418,0.13,PACF,12545
FOXO,20250717 04:20:28.872000,47932,1,56419,0.13,EDGX,12545
FOXO,20250717 04:21:13.198000,48790,5,56424,0.13,EDGX,12545
FOXO,20250717 04:21:18.429000,48952,201,56924,0.13,EDGX,12545
FOXO,20250717 04:21:18.429000,48951,299,56723,0.13,EDGX,12545
FOXO,20250717 04:22:45.536000,50358,8,56932,0.13,PACF,12545
FOXO,20250717 04:23:40.933000,51313,43,56975,0.13,PACF,12545
FOXO,20250717 04:23:50.843000,51447,100,57075,0.13,EDGX,12545
FOXO,20250717 04:23:50.843000,51449,102,57277,0.13,EDGX,12545
FOXO,20250717 04:23:50.843000,51448,100,57175,0.13,EDGX,12545
FOXO,20250717 04:25:50.122000,53629,53,58530,0.13,PACF,12545
FOXO,20250717 04:25:50.122000,53630,1552,60082,0.13,PACF,12545
FOXO,20250717 04:25:50.122000,53628,1200,58477,0.13,PACF,12545
FOXO,20250717 04:25:50.122000,53631,195,60277,0.13,EDGX,12545
FOXO,20250717 04:27:05.852000,55076,500,60777,0.13,MEMX,12545
FOXO,20250717 04:27:23.698000,55439,61,60838,0.13,MEMX,12545
FOXO,20250717 04:27:36.330000,55614,100,60938,0.13,PACF,12545
FOXO,20250717 04:28:25.057000,56496,2,60940,0.13,PACF,12545
FOXO,20250717 04:28:51.055000,57073,17,60957,0.13,PACF,12545
FOXO,20250717 04:29:08.457000,57612,1,60958,0.13,PACF,12545
FOXO,20250717 04:31:04.404000,59372,5330,66288,0.13,PACF,12545
FOXO,20250717 04:31:10.655000,59504,150,66438,0.13,PACF,12545
FOXO,20250717 04:31:11.901000,59513,650,67088,0.13,MEMX,12545
FOXO,20250717 04:31:27.075000,59867,20,67108,0.13,PACF,12545
FOXO,20250717 04:32:14.927000,60670,100,67208,0.13,PACF,12545
FOXO,20250717 04:32:54.615000,61184,1000,68208,0.13,MEMX,12545
FOXO,20250717 04:33:21.395000,61589,100,68308,0.13,EDGX,12545
FOXO,20250717 04:35:58.901000,64184,1,68309,0.13,PACF,12545
FOXO,20250717 04:37:10.830000,65546,1200,69509,0.13,PACF,12545
FOXO,20250717 04:37:10.830000,65547,5411,74920,0.13,PACF,12545
FOXO,20250717 04:39:02.121000,67081,500,75420,0.13,PACF,12545
FOXO,20250717 04:39:34.361000,67464,10,75430,0.13,PACF,12545
FOXO,20250717 04:39:52.071000,67690,52,75482,0.13,PACF,12545
FOXO,20250717 04:40:00.722000,67778,1,75483,0.13,PACF,12545
FOXO,20250717 04:40:31.405000,68183,76,75559,0.13,PACF,12545
FOXO,20250717 04:40:43.260000,68364,1,75560,0.13,PACF,12545
FOXO,20250717 04:41:03.297000,68591,300,75860,0.13,PACF,12545
FOXO,20250717 04:41:10.734000,68685,234,76094,0.13,PACF,12545
FOXO,20250717 04:41:18.500000,68762,1,76095,0.13,PACF,12545
FOXO,20250717 04:41:34.883000,68916,1,76096,0.13,PACF,12545
FOXO,20250717 04:42:28.366000,70185,76,76172,0.13,PACF,12545
FOXO,20250717 04:43:27.741000,71176,3991,80163,0.13,PACF,12545
FOXO,20250717 04:45:02.477000,72865,40,80203,0.13,PACF,12545
FOXO,20250717 04:45:33.380000,73274,1249,81452,0.13,EDGX,12545
FOXO,20250717 04:45:33.380000,73275,6867,88319,0.13,PACF,12545
FOXO,20250717 04:45:33.381000,73276,1857,90176,0.13,PACF,12545
FOXO,20250717 04:45:46.484000,73417,489,90665,0.13,PACF,12545
FOXO,20250717 04:46:11.565000,73916,22,90687,0.13,MEMX,12545
FOXO,20250717 04:51:29.922000,78363,1000,91687,0.13,PACF,12545
FOXO,20250717 04:51:45.822000,78577,447,92134,0.13,MEMX,12545
FOXO,20250717 04:51:54.763000,78741,100,92234,0.13,PACF,12545
FOXO,20250717 04:52:20.653000,79120,1000,93234,0.13,PACF,12545
FOXO,20250717 04:52:33.552000,79355,677,93911,0.13,MEMX,12545
FOXO,20250717 04:52:33.552000,79356,323,94234,0.13,MEMX,12545
FOXO,20250717 04:52:45.942000,79484,500,94734,0.13,MEMX,12545
FOXO,20250717 04:53:08.691000,79691,1000,97382,0.13,PACF,12545
FOXO,20250717 04:53:08.691000,79690,1648,96382,0.13,MEMX,12545
FOXO,20250717 04:53:08.692000,79694,91,98173,0.13,PACF,12545
FOXO,20250717 04:53:08.692000,79692,100,97482,0.13,PACF,12545
FOXO,20250717 04:53:08.692000,79695,561,98734,0.13,MEMX,12545
FOXO,20250717 04:53:08.692000,79693,600,98082,0.13,PACF,12545
FOXO,20250717 04:54:11.780000,80453,200,98934,0.13,MEMX,12545
FOXO,20250717 04:54:11.780000,80455,800,99834,0.13,PACF,12545
FOXO,20250717 04:54:11.780000,80454,100,99034,0.13,PACF,12545
FOXO,20250717 04:54:11.781000,80456,1500,101334,0.13,PACF,12545
FOXO,20250717 04:54:11.781000,80457,150,101484,0.14,EDGX,12545
FOXO,20250717 04:54:11.782000,80458,1719,103203,0.14,NQEX,12545
FOXO,20250717 04:54:11.782000,80459,39,103242,0.14,EDGX,12545
FOXO,20250717 04:54:40.632000,80902,100,103342,0.14,EDGX,12545
FOXO,20250717 04:55:44.580000,81871,4507,107849,0.14,NQEX,12545
FOXO,20250717 04:55:48.821000,81952,7,107856,0.14,EDGX,12545
FOXO,20250717 04:57:08.426000,83348,190,108046,0.14,PACF,12545
FOXO,20250717 04:57:22.768000,83578,6008,114054,0.14,PACF,12545
FOXO,20250717 04:57:27.293000,83696,58,114112,0.14,PACF,12545
FOXO,20250717 04:57:59.579000,84077,2,114114,0.14,PACF,12545
FOXO,20250717 04:58:50.505000,84904,1002,115166,0.14,PACF,12545
FOXO,20250717 04:58:50.505000,84903,50,114164,0.14,PACF,12545
FOXO,20250717 04:58:50.505000,84905,10,115176,0.14,PACF,12545
FOXO,20250717 04:58:50.506000,84906,10,115186,0.14,PACF,12545
FOXO,20250717 05:00:01.252000,86220,140,115326,0.14,PACF,12545
FOXO,20250717 05:00:37.053000,86817,1,115327,0.14,PACF,12545
FOXO,20250717 05:01:25.016000,87617,7,115334,0.14,PACF,12545
FOXO,20250717 05:01:25.017000,87618,10,115344,0.13,PACF,12545
FOXO,20250717 05:01:42.214000,87838,3959,121403,0.13,PACF,12545
FOXO,20250717 05:01:42.214000,87837,2100,117444,0.13,PACF,12545
FOXO,20250717 05:03:00.751000,89044,100,121503,0.13,PACF,12545
FOXO,20250717 05:03:47.063000,89951,192,121695,0.13,PACF,12545
FOXO,20250717 05:03:50.508000,89981,55,121750,0.13,PACF,12545
FOXO,20250717 05:04:00.343000,90169,7,121757,0.13,PACF,12545
FOXO,20250717 05:06:19.348000,92268,100,121857,0.14,EDGX,12545
FOXO,20250717 05:11:30.078000,97583,42,121899,0.13,EDGX,12545
FOXO,20250717 05:14:47.722000,100336,100,121999,0.13,EDGX,12545
FOXO,20250717 05:18:37.477000,103782,200,122199,0.13,EDGX,12545
FOXO,20250717 05:18:37.482000,103783,200,122399,0.13,EDGX,12545
FOXO,20250717 05:18:37.486000,103784,200,122599,0.13,EDGX,12545
FOXO,20250717 05:18:37.489000,103785,200,122799,0.13,EDGX,12545
FOXO,20250717 05:18:37.492000,103786,200,122999,0.13,EDGX,12545
FOXO,20250717 05:18:37.495000,103787,200,123199,0.13,EDGX,12545
FOXO,20250717 05:18:37.498000,103788,200,123399,0.13,EDGX,12545
FOXO,20250717 05:18:37.500000,103789,200,123599,0.13,EDGX,12545
FOXO,20250717 05:18:37.505000,103791,83,123782,0.13,EDGX,12545
FOXO,20250717 05:18:37.505000,103792,217,123999,0.14,EDGX,12545
FOXO,20250717 05:18:37.505000,103790,100,123699,0.14,MEMX,12545
FOXO,20250717 05:19:46.447000,104513,100,124599,0.14,BATS,12545
FOXO,20250717 05:19:46.447000,104512,200,124499,0.14,EDGX,12545
FOXO,20250717 05:19:46.447000,104511,200,124299,0.13,PACF,12545
FOXO,20250717 05:19:46.447000,104510,100,124099,0.14,MEMX,12545
FOXO,20250717 05:19:46.448000,104514,100,124699,0.14,NQEX,12545
FOXO,20250717 05:19:46.453000,104517,100,125099,0.14,BATS,12545
FOXO,20250717 05:19:46.453000,104518,200,125299,0.14,EDGX,12545
FOXO,20250717 05:19:46.453000,104515,100,124799,0.14,MEMX,12545
FOXO,20250717 05:19:46.453000,104516,200,124999,0.13,PACF,12545
FOXO,20250717 05:19:46.454000,104519,100,125399,0.14,NQEX,12545
FOXO,20250717 05:19:46.459000,104521,100,125699,0.14,BATS,12545
FOXO,20250717 05:19:46.459000,104522,200,125899,0.14,EDGX,12545
FOXO,20250717 05:19:46.459000,104520,200,125599,0.13,PACF,12545
FOXO,20250717 05:19:46.460000,104523,100,125999,0.14,NQEX,12545
FOXO,20250717 05:22:48.932000,106895,1,127538,0.14,PACF,12545
FOXO,20250717 05:22:48.932000,106894,200,127537,0.14,PACF,12545
FOXO,20250717 05:22:48.932000,106893,1338,127337,0.13,PACF,12545
FOXO,20250717 05:22:48.938000,106896,83,127621,0.14,PACF,12545
FOXO,20250717 05:22:52.924000,106964,362,127983,0.14,PACF,12545
FOXO,20250717 05:24:14.243000,108555,100,128083,0.14,EDGX,12545
FOXO,20250717 05:31:40.048000,114947,1800,129883,0.14,PACF,12545
FOXO,20250717 05:36:46.683000,119439,300,130183,0.13,EDGX,12545
FOXO,20250717 05:36:46.983000,119506,76,130259,0.13,EDGX,12545
FOXO,20250717 05:37:07.451000,119744,35,130294,0.13,EDGX,12545
FOXO,20250717 05:37:10.468000,119763,2,130296,0.13,EDGX,12545
FOXO,20250717 05:42:45.475000,124345,2,130298,0.13,EDGX,12545
FOXO,20250717 05:45:53.953000,126043,2900,133198,0.13,PACF,12545
FOXO,20250717 05:45:53.954000,126044,100,133298,0.13,EDGX,12545
FOXO,20250717 05:45:59.858000,126099,21,133319,0.14,PACF,12545
FOXO,20250717 05:51:12.150000,129725,100,135319,0.13,EDGX,12545
FOXO,20250717 05:51:12.150000,129723,100,133419,0.13,PACF,12545
FOXO,20250717 05:51:12.150000,129724,1800,135219,0.13,PACF,12545
FOXO,20250717 05:51:42.961000,130067,1,135419,0.14,EDGX,12545
FOXO,20250717 05:51:42.961000,130066,99,135418,0.13,EDGX,12545
FOXO,20250717 05:53:37.485000,131256,63,135482,0.14,PACF,12545
FOXO,20250717 05:55:37.822000,132675,113,135874,0.14,PACF,12545
FOXO,20250717 05:55:37.822000,132674,279,135761,0.14,PACF,12545
FOXO,20250717 05:59:13.471000,135534,50,135924,0.14,PACF,12545
FOXO,20250717 06:03:52.446000,138869,100,137224,0.13,EDGX,12545
FOXO,20250717 06:03:52.446000,138868,1200,137124,0.13,EDGX,12545
FOXO,20250717 06:04:06.275000,138964,1200,138424,0.13,EDGX,12545
FOXO,20250717 06:04:06.275000,138965,2000,140424,0.13,EDGX,12545
FOXO,20250717 06:04:06.276000,138966,4616,145040,0.13,PACF,12545
FOXO,20250717 06:06:10.184000,140353,250,145290,0.13,PACF,12545
FOXO,20250717 06:10:04.620000,142835,5082,150372,0.14,EDGX,12545
FOXO,20250717 06:10:05.128000,142840,200,150572,0.13,PACF,12545
FOXO,20250717 06:10:05.132000,142841,1800,152372,0.13,NQEX,12545
FOXO,20250717 06:10:05.134000,142842,299,152671,0.13,PACF,12545
FOXO,20250717 06:10:05.567000,142846,300,152971,0.13,EDGX,12545
FOXO,20250717 06:10:08.154000,142865,5900,158871,0.13,EDGX,12545
FOXO,20250717 06:10:09.284000,142873,3465,162336,0.13,EDGX,12545
FOXO,20250717 06:11:21.242000,143488,100,162436,0.13,PACF,12545
FOXO,20250717 06:16:11.297000,146835,141,162577,0.13,PACF,12545
FOXO,20250717 06:16:45.677000,147052,2000,164577,0.13,NQEX,12545
FOXO,20250717 06:19:38.784000,148992,300,165202,0.13,PACF,12545
FOXO,20250717 06:19:38.784000,148990,25,164602,0.13,PACF,12545
FOXO,20250717 06:19:38.784000,148991,300,164902,0.13,PACF,12545
FOXO,20250717 06:19:38.784000,148996,8199,178503,0.13,PACF,12545
FOXO,20250717 06:19:38.784000,148995,1000,170304,0.13,PACF,12545
FOXO,20250717 06:19:38.784000,148994,2,169304,0.13,PACF,12545
FOXO,20250717 06:19:38.784000,148993,4100,169302,0.13,PACF,12545
FOXO,20250717 06:24:32.465000,151842,1000,179503,0.13,EDGX,12545
FOXO,20250717 06:24:46.317000,151971,35583,216303,0.13,PACF,12545
FOXO,20250717 06:24:46.317000,151970,1217,180720,0.13,PACF,12545
FOXO,20250717 06:24:50.736000,152022,3000,219303,0.13,PACF,12545
FOXO,20250717 06:25:12.435000,152321,1200,220503,0.13,PACF,12545
FOXO,20250717 06:25:14.675000,152351,1000,221503,0.13,PACF,12545
FOXO,20250717 06:25:15.532000,152377,287,221790,0.13,PACF,12545
FOXO,20250717 06:26:48.875000,153233,481,222271,0.13,EDGX,12545
FOXO,20250717 06:29:26.851000,155124,590,222861,0.13,EDGX,12545
FOXO,20250717 06:29:26.851000,155125,1,222862,0.13,EDGX,12545
FOXO,20250717 06:39:16.398000,161043,100,223072,0.13,PACF,12545
FOXO,20250717 06:39:16.398000,161042,110,222972,0.13,PACF,12545
FOXO,20250717 06:39:16.400000,161048,440,223912,0.13,PACF,12545
FOXO,20250717 06:39:16.400000,161044,100,223172,0.13,PACF,12545
FOXO,20250717 06:39:16.400000,161046,100,223372,0.13,PACF,12545
FOXO,20250717 06:39:16.400000,161045,100,223272,0.13,PACF,12545
FOXO,20250717 06:39:16.400000,161047,100,223472,0.13,PACF,12545
FOXO,20250717 06:43:43.393000,164507,200,224112,0.13,EDGX,12545
FOXO,20250717 06:44:00.387000,164738,4419,228531,0.13,PACF,12545
FOXO,20250717 06:44:00.388000,164739,1459,229990,0.13,EDGX,12545
FOXO,20250717 06:45:26.312000,166050,401,230990,0.13,PACF,12545
FOXO,20250717 06:45:26.312000,166049,599,230589,0.13,PACF,12545
FOXO,20250717 06:53:14.791000,173036,223,231213,0.13,PACF,12545
FOXO,20250717 06:56:50.395000,175896,100,231313,0.13,PACF,12545
FOXO,20250717 06:56:52.384000,175914,1,231314,0.13,PACF,12545
FOXO,20250717 06:58:54.951000,178076,1200,232514,0.13,PACF,12545
FOXO,20250717 06:58:54.952000,178077,99,232613,0.13,PACF,12545
FOXO,20250717 06:58:54.952000,178078,1200,233813,0.13,MEMX,12545
FOXO,20250717 06:59:08.171000,178517,6771,240584,0.13,PACF,12545
FOXO,20250717 07:00:49.336000,185150,2200,242784,0.13,EDGX,12545
FOXO,20250717 07:00:57.445000,185558,100,242884,0.13,PACF,12545
FOXO,20250717 07:01:19.689000,186455,25000,267884,0.13,PACF,12545
FOXO,20250717 07:01:32.074000,186844,1,268304,0.13,PACF,12545
FOXO,20250717 07:01:32.074000,186840,100,267984,0.13,MEMX,12545
FOXO,20250717 07:01:32.074000,186842,100,268203,0.13,PACF,12545
FOXO,20250717 07:01:32.074000,186843,100,268303,0.13,PACF,12545
FOXO,20250717 07:01:32.074000,186841,119,268103,0.13,PACF,12545
FOXO,20250717 07:02:48.236000,188908,100,268404,0.13,MEMX,12545
FOXO,20250717 07:02:48.236000,188909,1476,269880,0.13,MEMX,12545
FOXO,20250717 07:04:52.347000,192508,100,269980,0.13,MEMX,12545
FOXO,20250717 07:04:52.347000,192509,100,270080,0.13,MEMX,12545
FOXO,20250717 07:04:52.347000,192510,100,270180,0.13,MEMX,12545
FOXO,20250717 07:04:52.347000,192512,300,270580,0.13,MEMX,12545
FOXO,20250717 07:04:52.347000,192511,100,270280,0.13,MEMX,12545
FOXO,20250717 07:04:52.348000,192514,373,271053,0.13,MEMX,12545
FOXO,20250717 07:04:52.348000,192513,100,270680,0.13,MEMX,12545
FOXO,20250717 07:06:07.033000,193774,9,271062,0.13,PACF,12545
FOXO,20250717 07:07:27.700000,195045,100,271162,0.13,MEMX,12545
FOXO,20250717 07:07:27.700000,195046,91,271253,0.13,PACF,12545
FOXO,20250717 07:07:27.701000,195047,100,271353,0.13,MEMX,12545
FOXO,20250717 07:07:27.701000,195048,100,271453,0.13,MEMX,12545
FOXO,20250717 07:07:27.701000,195049,100,271553,0.13,MEMX,12545
FOXO,20250717 07:07:27.701000,195054,3,272756,0.13,MEMX,12545
FOXO,20250717 07:07:27.701000,195053,100,272753,0.13,MEMX,12545
FOXO,20250717 07:07:27.701000,195052,700,272653,0.13,MEMX,12545
FOXO,20250717 07:07:27.701000,195051,100,271953,0.13,MEMX,12545
FOXO,20250717 07:07:27.701000,195050,300,271853,0.13,MEMX,12545
FOXO,20250717 07:08:16.056000,195592,87,272843,0.13,PACF,12545
FOXO,20250717 07:08:16.056000,195593,1913,274756,0.13,PACF,12545
FOXO,20250717 07:09:08.937000,196438,200,275243,0.13,MEMX,12545
FOXO,20250717 07:09:08.937000,196436,100,274943,0.13,PACF,12545
FOXO,20250717 07:09:08.937000,196435,87,274843,0.13,PACF,12545
FOXO,20250717 07:09:08.937000,196437,100,275043,0.13,MEMX,12545
FOXO,20250717 07:09:08.942000,196439,100,275343,0.13,MEMX,12545
FOXO,20250717 07:09:08.942000,196440,413,275756,0.13,MEMX,12545
FOXO,20250717 07:09:11.723000,196473,100,275856,0.13,MEMX,12545
FOXO,20250717 07:09:11.723000,196474,900,276756,0.13,MEMX,12545
FOXO,20250717 07:09:37.198000,196759,200,277056,0.13,MEMX,12545
FOXO,20250717 07:09:37.198000,196758,100,276856,0.13,MEMX,12545
FOXO,20250717 07:09:37.199000,196761,600,277756,0.13,MEMX,12545
FOXO,20250717 07:09:37.199000,196760,100,277156,0.13,MEMX,12545
FOXO,20250717 07:10:22.713000,197367,851,280683,0.13,PACF,12545
FOXO,20250717 07:10:22.713000,197368,73,280756,0.13,MEMX,12545
FOXO,20250717 07:10:22.713000,197366,2076,279832,0.13,PACF,12545
FOXO,20250717 07:12:53.162000,199283,400,281156,0.13,PACF,12545
FOXO,20250717 07:12:53.163000,199284,100,281256,0.13,MEMX,12545
FOXO,20250717 07:13:09.282000,199477,1028,282284,0.13,PACF,12545
FOXO,20250717 07:13:16.393000,199596,500,282784,0.13,PACF,12545
FOXO,20250717 07:15:23.569000,201466,200,282985,0.13,EDGX,12545
FOXO,20250717 07:15:23.569000,201465,1,282785,0.13,PACF,12545
FOXO,20250717 07:19:03.589000,205005,160,283145,0.13,PACF,12545
FOXO,20250717 07:19:03.589000,205006,100,283245,0.13,PACF,12545
FOXO,20250717 07:19:03.589000,205008,1,283346,0.13,PACF,12545
FOXO,20250717 07:19:03.589000,205007,100,283345,0.13,PACF,12545
FOXO,20250717 07:19:03.593000,205009,1280,284626,0.13,EDGX,12545
FOXO,20250717 07:19:03.593000,205010,500,285126,0.13,EDGX,12545
FOXO,20250717 07:20:41.337000,206485,1,285127,0.13,PACF,12545
FOXO,20250717 07:20:41.337000,206486,6,285133,0.13,PACF,12545
FOXO,20250717 07:21:58.763000,207680,400,285533,0.13,EDGX,12545
FOXO,20250717 07:23:01.983000,210469,50,285583,0.13,PACF,12545
FOXO,20250717 07:24:14.251000,212427,754,286337,0.13,PACF,12545
FOXO,20250717 07:24:31.686000,212639,1105,296042,0.13,PACF,12545
FOXO,20250717 07:24:31.686000,212638,600,294937,0.13,PACF,12545
FOXO,20250717 07:24:31.686000,212637,3000,294337,0.13,PACF,12545
FOXO,20250717 07:24:31.686000,212636,5000,291337,0.13,PACF,12545
FOXO,20250717 07:24:49.561000,212896,53,296095,0.13,EDGX,12545
FOXO,20250717 07:24:52.045000,212932,200,296295,0.13,EDGX,12545
FOXO,20250717 07:29:53.979000,217762,800,297245,0.13,EDGX,12545
FOXO,20250717 07:29:53.979000,217763,9051,306296,0.13,PACF,12545
FOXO,20250717 07:29:53.979000,217761,150,296445,0.13,EDGE,12545
FOXO,20250717 07:30:46.348000,218363,42,306338,0.13,PACF,12545
FOXO,20250717 07:32:54.550000,221595,2000,308338,0.13,PACF,12545
FOXO,20250717 07:35:39.815000,224269,229,308667,0.13,PACF,12545
FOXO,20250717 07:35:39.815000,224268,100,308438,0.13,PACF,12545
FOXO,20250717 07:36:56.008000,225601,1,308668,0.14,EDGX,12545
FOXO,20250717 07:37:34.756000,226086,1,308669,0.14,EDGX,12545
FOXO,20250717 07:37:40.686000,226249,10,308679,0.13,PACF,12545
FOXO,20250717 07:37:51.219000,226349,1,308680,0.14,EDGX,12545
FOXO,20250717 07:37:56.745000,226418,1,308681,0.13,PACF,12545
FOXO,20250717 07:38:13.646000,226650,1,308682,0.13,PACF,12545
FOXO,20250717 07:38:20.017000,226759,537,309219,0.13,PACF,12545
FOXO,20250717 07:38:40.341000,227162,300,309519,0.13,BATS,12545
FOXO,20250717 07:38:40.342000,227163,859,310378,0.13,PACF,12545
FOXO,20250717 07:38:44.249000,227193,1,310379,0.14,EDGX,12545
FOXO,20250717 07:38:52.235000,227313,1,310380,0.13,PACF,12545
FOXO,20250717 07:39:04.781000,227552,300,310680,0.13,BATS,12545
FOXO,20250717 07:39:04.781000,227553,256,310936,0.13,EDGX,12545
FOXO,20250717 07:39:36.200000,227837,571,311507,0.13,PACF,12545
FOXO,20250717 07:39:36.200000,227838,228,311735,0.13,PACF,12545
FOXO,20250717 07:39:38.266000,227867,1,311736,0.13,PACF,12545
FOXO,20250717 07:39:44.243000,227913,140,311876,0.13,EDGX,12545
FOXO,20250717 07:39:54.900000,228002,138,312014,0.13,EDGX,12545
FOXO,20250717 07:40:03.750000,228160,2,312016,0.13,EDGX,12545
FOXO,20250717 07:40:03.750000,228161,100,312116,0.13,EDGX,12545
FOXO,20250717 07:40:11.802000,228236,1,312117,0.13,EDGX,12545
FOXO,20250717 07:41:44.213000,229330,1618,314035,0.13,PACF,12545
FOXO,20250717 07:41:44.213000,229331,2,314037,0.13,PACF,12545
FOXO,20250717 07:41:44.213000,229332,1,314038,0.13,PACF,12545
FOXO,20250717 07:41:44.213000,229333,100,314138,0.13,PACF,12545
FOXO,20250717 07:41:44.213000,229334,500,314638,0.13,PACF,12545
FOXO,20250717 07:41:44.213000,229335,100,314738,0.13,AMEX,12545
FOXO,20250717 07:41:44.213000,229336,779,315517,0.13,AMEX,12545
FOXO,20250717 07:41:44.213000,229329,300,312417,0.13,BATS,12545
FOXO,20250717 07:41:44.217000,229337,100,315617,0.13,AMEX,12545
FOXO,20250717 07:41:44.217000,229338,4776,320393,0.13,AMEX,12545
FOXO,20250717 07:41:44.221000,229339,1500,321893,0.13,PACF,12545
FOXO,20250717 07:41:44.221000,229340,121,322014,0.13,PACF,12545
FOXO,20250717 07:41:44.225000,229342,1000,331284,0.13,PACF,12545
FOXO,20250717 07:41:44.225000,229343,1,331285,0.13,PACF,12545
FOXO,20250717 07:41:44.225000,229341,8270,330284,0.13,PACF,12545
FOXO,20250717 07:41:44.228000,229344,2212,333497,0.13,PACF,12545
FOXO,20250717 07:41:44.229000,229345,20,333517,0.13,NQEX,12545
FOXO,20250717 07:42:02.334000,229519,120,333637,0.13,PACF,12545
FOXO,20250717 07:43:05.652000,230297,1,333638,0.13,PACF,12545
FOXO,20250717 07:45:28.153000,232161,1000,334638,0.13,EDGX,12545
FOXO,20250717 07:46:11.821000,232801,75,334938,0.13,BATS,12545
FOXO,20250717 07:46:11.821000,232802,25,334963,0.13,EDGX,12545
FOXO,20250717 07:46:11.821000,232800,125,334863,0.13,BATS,12545
FOXO,20250717 07:46:11.821000,232799,100,334738,0.13,BATS,12545
FOXO,20250717 07:50:05.059000,238177,4,334967,0.13,EDGX,12545
FOXO,20250717 07:50:40.554000,238893,1,334968,0.13,PACF,12545
FOXO,20250717 07:51:10.577000,239461,12,334980,0.13,PACF,12545
FOXO,20250717 07:52:40.805000,240610,271,335251,0.13,EDGX,12545
FOXO,20250717 07:52:40.805000,240611,2000,337251,0.13,EDGX,12545
FOXO,20250717 07:55:56.311000,244416,4000,341251,0.13,EDGX,12545
FOXO,20250717 07:56:19.234000,244749,782,349251,0.13,EDGX,12545
FOXO,20250717 07:56:19.234000,244748,7218,348469,0.13,EDGX,12545
FOXO,20250717 08:00:00.104000,248926,700,349951,0.13,NQNX,12545
FOXO,20250717 08:00:00.109000,248974,200,350151,0.13,NQNX,12545
FOXO,20250717 08:00:00.210000,250453,113,350264,0.13,NQNX,12545
FOXO,20250717 08:00:00.242000,250854,1,350265,0.14,NQNX,12545
FOXO,20250717 08:00:00.303000,251521,180,350445,0.13,NQNX,12545
FOXO,20250717 08:00:00.478000,252743,1,350446,0.13,NQNX,12545
FOXO,20250717 08:00:00.483000,252776,1,350447,0.13,NQNX,12545
FOXO,20250717 08:00:00.714000,253960,3,350450,0.13,NQNX,12545
FOXO,20250717 08:00:00.761000,254221,495,350945,0.13,NTRF,12545
FOXO,20250717 08:00:00.845000,254697,1,350946,0.13,NQNX,12545
FOXO,20250717 08:00:00.951000,255428,9,350955,0.13,NQNX,12545
FOXO,20250717 08:00:01.070000,256417,159,351114,0.13,NQNX,12545
FOXO,20250717 08:00:01.096000,256604,3000,354114,0.13,NQNX,12545
FOXO,20250717 08:00:01.126000,256829,10,354124,0.14,NQNX,12545
FOXO,20250717 08:00:01.127000,256838,2050,356174,0.13,NTRF,12545
FOXO,20250717 08:00:01.137000,256900,3000,359174,0.13,NQNX,12545
FOXO,20250717 08:00:01.141000,256933,250,359424,0.13,NTRF,12545
FOXO,20250717 08:00:01.142000,256945,10000,369424,0.13,NTRF,12545
FOXO,20250717 08:00:01.244000,257649,55,369479,0.13,NQNX,12545
FOXO,20250717 08:00:01.327000,258165,1000,370479,0.14,NTRF,12545
FOXO,20250717 08:00:01.389000,258578,5000,375479,0.14,NTRF,12545
FOXO,20250717 08:00:01.393000,258626,9103,384582,0.14,NTRF,12545
FOXO,20250717 08:00:01.462000,259048,4000,388582,0.14,NQNX,12545
FOXO,20250717 08:00:01.469000,259081,898,389480,0.13,NQNX,12545
FOXO,20250717 08:00:01.495000,259208,175,389655,0.13,NQNX,12545
FOXO,20250717 08:00:01.513000,259342,5000,394755,0.14,NTRF,12545
FOXO,20250717 08:00:01.513000,259341,100,389755,0.13,NQNX,12545
FOXO,20250717 08:00:01.548000,259570,5000,399755,0.14,NTRF,12545
FOXO,20250717 08:00:01.559000,259654,5000,404755,0.14,NTRF,12545
FOXO,20250717 08:00:01.640000,260280,2000,406755,0.14,NTRF,12545
FOXO,20250717 08:00:01.705000,260862,988,407743,0.13,NQNX,12545
FOXO,20250717 08:00:01.725000,261022,150,407893,0.13,NQNX,12545
FOXO,20250717 08:00:01.749000,261209,1000,408893,0.14,NTRF,12545
FOXO,20250717 08:00:01.848000,261967,500,409393,0.13,NQNX,12545
FOXO,20250717 08:00:01.902000,262312,25,409418,0.13,NTRF,12545
FOXO,20250717 08:00:02.104000,263043,1000,410418,0.13,NQNX,12545
FOXO,20250717 08:00:02.819000,265436,1428,411846,0.14,NTRF,12545
FOXO,20250717 08:00:02.928000,265780,33501,445347,0.13,NQNX,12545
FOXO,20250717 08:00:03.044000,266167,1919,447266,0.13,NQNX,12545
FOXO,20250717 08:00:04.713000,270312,1569,448835,0.13,NQNX,12545
FOXO,20250717 08:00:05.348000,272800,8000,456835,0.14,NTRF,12545
FOXO,20250717 08:00:05.997000,275551,350,457185,0.14,NTRF,12545
FOXO,20250717 08:00:07.875000,283037,1,457186,0.11,NTRF,12545
FOXO,20250717 08:00:08.200000,284101,20,457206,0.13,NQNX,12545
FOXO,20250717 08:00:08.453000,285008,22,457228,0.13,NQNX,12545
FOXO,20250717 08:00:08.514000,285255,1,457229,0.15,NTRF,12545
FOXO,20250717 08:00:08.701000,285966,1000,458229,0.14,NQNX,12545
FOXO,20250717 08:00:08.701000,285967,1000,459229,0.14,NQNX,12545
FOXO,20250717 08:00:08.966000,286808,1,459230,0.16,NTRF,12545
FOXO,20250717 08:00:09.378000,288005,50,459280,0.13,NQNX,12545
FOXO,20250717 08:00:09.408000,288088,199,459479,0.16,NTRF,12545
FOXO,20250717 08:00:09.477000,288277,1000,460479,0.13,NQNX,12545
FOXO,20250717 08:00:09.478000,288280,1000,461479,0.14,NQNX,12545
FOXO,20250717 08:00:09.507000,288354,1300,462779,0.16,NTRF,12545
FOXO,20250717 08:00:09.515000,288391,600,463379,0.14,NQNX,12545
FOXO,20250717 08:00:09.607000,288619,5000,468379,0.14,NQNX,12545
FOXO,20250717 08:00:09.685000,288786,8400,476779,0.13,NQNX,12545
FOXO,20250717 08:00:10.025000,289680,1,476780,0.16,NTRF,12545
FOXO,20250717 08:00:10.235000,290132,800,477580,0.14,NQNX,12545
FOXO,20250717 08:00:11.533000,291750,45,477625,0.14,NQNX,12545
FOXO,20250717 08:00:11.614000,291844,6,477631,0.13,NQNX,12545
FOXO,20250717 08:00:11.768000,292026,3897,481528,0.13,NQNX,12545
FOXO,20250717 08:00:12.492000,292667,1000,482528,0.14,NQNX,12545
FOXO,20250717 08:00:12.817000,292984,9028,491556,0.13,NQNX,12545
FOXO,20250717 08:00:12.830000,292996,236,491792,0.13,NQNX,12545
FOXO,20250717 08:00:13.556000,293845,369,492161,0.14,NQNX,12545
FOXO,20250717 08:00:14.386000,294620,50,492211,0.14,NQNX,12545
FOXO,20250717 08:00:15.024000,295203,200,492411,0.14,NQNX,12545
FOXO,20250717 08:00:17.229000,297502,73,492484,0.14,NQNX,12545
FOXO,20250717 08:00:17.680000,297903,430,492914,0.14,NQNX,12545
FOXO,20250717 08:00:19.428000,299374,5000,497914,0.13,NQNX,12545
FOXO,20250717 08:00:22.102000,301917,655,498569,0.13,NQNX,12545
FOXO,20250717 08:00:22.571000,302146,250,498819,0.13,NQNX,12545
FOXO,20250717 08:00:31.320000,306902,120,498939,0.14,NQNX,12545
FOXO,20250717 08:00:44.327000,313725,6,498945,0.13,PACF,12545
FOXO,20250717 08:00:57.854000,316489,25,498970,0.14,NQNX,12545
FOXO,20250717 08:01:05.015000,317008,1,498971,0.13,EDGX,12545
FOXO,20250717 08:03:39.780000,327690,70,499041,0.13,PACF,12545
FOXO,20250717 08:03:49.275000,327933,1,499042,0.13,EDGX,12545
FOXO,20250717 08:05:59.854000,332055,3,499045,0.14,NQNX,12545
FOXO,20250717 08:06:06.568000,332269,11,499056,0.13,PACF,12545
FOXO,20250717 08:06:32.621000,333446,2,499058,0.13,PACF,12545
FOXO,20250717 08:07:17.988000,335092,5,499063,0.13,EDGX,12545
FOXO,20250717 08:09:52.844000,340732,50,499113,0.13,PACF,12545
FOXO,20250717 08:10:35.352000,342348,18,499131,0.13,PACF,12545
FOXO,20250717 08:12:57.074000,346033,124,499255,0.13,NQNX,12545
FOXO,20250717 08:13:05.402000,346468,2,499257,0.13,EDGX,12545
FOXO,20250717 08:15:15.536000,349515,497,499754,0.13,PACF,12545
FOXO,20250717 08:15:50.615000,350392,324,500078,0.13,PACF,12545
FOXO,20250717 08:16:15.732000,351139,261,500339,0.13,PACF,12545
FOXO,20250717 08:16:55.944000,352621,209,500548,0.13,PACF,12545
FOXO,20250717 08:17:22.064000,353305,200,500748,0.13,NQNX,12545
FOXO,20250717 08:18:50.584000,355180,732,501480,0.13,NQNX,12545
FOXO,20250717 08:21:05.689000,359549,263,502943,0.13,PACF,12545
FOXO,20250717 08:21:05.689000,359548,1200,502680,0.13,PACF,12545
FOXO,20250717 08:22:04.266000,361053,100,503143,0.13,BATS,12545
FOXO,20250717 08:22:04.266000,361052,100,503043,0.13,BATS,12545
FOXO,20250717 08:23:07.532000,363390,300,504643,0.13,PACF,12545
FOXO,20250717 08:23:07.532000,363389,1200,504343,0.13,PACF,12545
FOXO,20250717 08:23:44.044000,364510,10,504653,0.13,NQNX,12545
FOXO,20250717 08:25:28.954000,367322,100,504753,0.13,NQNX,12545
FOXO,20250717 08:25:35.521000,367426,110,504863,0.13,PACF,12545
FOXO,20250717 08:26:11.202000,368584,10,504873,0.13,PACF,12545
FOXO,20250717 08:26:28.272000,369416,10,504883,0.13,EDGX,12545
FOXO,20250717 08:26:28.273000,369417,100,504983,0.13,NQEX,12545
FOXO,20250717 08:26:33.289000,369606,10,504993,0.13,EDGX,12545
FOXO,20250717 08:26:34.658000,369687,200,505193,0.13,NQNX,12545
FOXO,20250717 08:26:45.010000,370141,10,505203,0.13,EDGX,12545
FOXO,20250717 08:26:55.620000,370418,20,505223,0.13,EDGX,12545
FOXO,20250717 08:27:02.722000,370698,5,505228,0.13,NQNX,12545
FOXO,20250717 08:27:10.921000,371093,20,505248,0.13,EDGX,12545
FOXO,20250717 08:27:38.324000,371915,10,505258,0.13,PACF,12545
FOXO,20250717 08:28:22.041000,373180,200,505458,0.13,NQNX,12545
FOXO,20250717 08:28:22.501000,373185,10,505468,0.13,PACF,12545
FOXO,20250717 08:28:28.797000,373332,10,505478,0.13,PACF,12545
FOXO,20250717 08:28:37.762000,373553,8,505486,0.13,NQNX,12545
FOXO,20250717 08:28:39.749000,373597,10,505496,0.13,PACF,12545
FOXO,20250717 08:28:52.385000,374041,10,505506,0.13,PACF,12545
FOXO,20250717 08:29:05.255000,374421,2,505508,0.13,NQNX,12545
FOXO,20250717 08:29:08.842000,374502,10,505518,0.13,PACF,12545
FOXO,20250717 08:29:55.587000,375876,200,505718,0.13,NTRF,12545
FOXO,20250717 08:30:12.233000,377196,1000,506718,0.13,NTRF,12545
FOXO,20250717 08:30:35.807000,379587,1,506719,0.13,NQNX,12545
FOXO,20250717 08:30:54.183000,381576,641,508560,0.13,PACF,12545
FOXO,20250717 08:30:54.183000,381577,49,508609,0.13,PACF,12545
FOXO,20250717 08:30:54.183000,381575,1200,507919,0.13,PACF,12545
FOXO,20250717 08:31:07.199000,382506,5,508614,0.13,NQNX,12545
FOXO,20250717 08:31:43.554000,385140,990,509604,0.13,NQNX,12545
FOXO,20250717 08:32:06.002000,386028,3,509607,0.13,NQNX,12545
FOXO,20250717 08:32:07.318000,386120,3,509610,0.13,NQNX,12545
FOXO,20250717 08:32:12.995000,386363,300,510210,0.13,EDGX,12545
FOXO,20250717 08:32:12.995000,386362,300,509910,0.13,BATS,12545
FOXO,20250717 08:33:53.515000,391941,3,510213,0.13,NQNX,12545
FOXO,20250717 08:35:59.331000,396316,11,510224,0.13,NQNX,12545
FOXO,20250717 08:36:20.820000,396895,1,510225,0.13,NQNX,12545
FOXO,20250717 08:36:29.572000,397246,1,510226,0.13,NQNX,12545
FOXO,20250717 08:37:07.809000,398634,1000,511226,0.13,PACF,12545
FOXO,20250717 08:37:17.418000,398887,1000,512226,0.13,PACF,12545
FOXO,20250717 08:37:34.479000,399564,1000,513226,0.13,PACF,12545
FOXO,20250717 08:38:34.408000,402094,10,513236,0.13,PACF,12545
FOXO,20250717 08:38:35.105000,402105,3000,516236,0.13,PACF,12545
FOXO,20250717 08:38:42.055000,402300,10,516246,0.13,PACF,12545
FOXO,20250717 08:39:02.059000,403032,3,516249,0.13,NQNX,12545
FOXO,20250717 08:39:39.469000,404222,2,516251,0.13,NQNX,12545
FOXO,20250717 08:40:25.684000,406102,1000,517251,0.13,NTRF,12545
FOXO,20250717 08:40:51.363000,407108,1000,518251,0.13,PACF,12545
FOXO,20250717 08:40:55.597000,407229,1000,519251,0.13,PACF,12545
FOXO,20250717 08:41:25.757000,408302,10,519261,0.13,PACF,12545
FOXO,20250717 08:41:53.514000,409189,20,519281,0.13,PACF,12545
FOXO,20250717 08:44:31.351000,414931,1,519282,0.13,NQNX,12545
FOXO,20250717 08:45:14.764000,416454,3,519285,0.13,NQNX,12545
FOXO,20250717 08:45:56.971000,417824,1,519286,0.13,NQNX,12545
FOXO,20250717 08:46:23.800000,418711,1000,520286,0.13,EDGE,12545
FOXO,20250717 08:46:36.401000,419086,300,520586,0.13,NQNX,12545
FOXO,20250717 08:46:36.980000,419094,14,520600,0.13,NQNX,12545
FOXO,20250717 08:46:41.551000,419225,1,520601,0.13,NQNX,12545
FOXO,20250717 08:46:59.604000,419736,3950,524551,0.13,PACF,12545
FOXO,20250717 08:46:59.604000,419737,50,524601,0.13,PACF,12545
FOXO,20250717 08:47:41.658000,421428,50,524651,0.13,EDGX,12545
FOXO,20250717 08:47:41.662000,421429,150,524801,0.13,PACF,12545
FOXO,20250717 08:48:56.993000,424986,5,524806,0.13,NQNX,12545
FOXO,20250717 08:49:05.925000,425436,1,524807,0.13,NQNX,12545
FOXO,20250717 08:49:35.401000,426796,8,524815,0.13,NQNX,12545
FOXO,20250717 08:49:38.100000,427072,700,525515,0.13,PACF,12545
FOXO,20250717 08:49:49.325000,427486,661,526515,0.13,PACF,12545
FOXO,20250717 08:49:49.325000,427485,339,525854,0.13,PACF,12545
FOXO,20250717 08:49:54.699000,427873,20,526535,0.13,NQNX,12545
FOXO,20250717 08:50:00.453000,428069,1000,527535,0.13,PACF,12545
FOXO,20250717 08:50:27.264000,429324,1000,528535,0.13,PACF,12545
FOXO,20250717 08:50:40.945000,429757,850,529385,0.13,PACF,12545
FOXO,20250717 08:51:08.106000,430580,159,529544,0.13,NQNX,12545
FOXO,20250717 08:52:01.987000,432716,2500,532044,0.13,NTRF,12545
FOXO,20250717 08:52:48.868000,435132,200,532244,0.13,PACF,12545
FOXO,20250717 08:52:48.873000,435133,800,533044,0.13,PACF,12545
FOXO,20250717 08:52:48.873000,435134,192,533236,0.13,PACF,12545
FOXO,20250717 08:53:09.473000,436082,100,533336,0.13,NTRF,12545
FOXO,20250717 08:53:22.931000,436549,19,533355,0.13,NQNX,12545
FOXO,20250717 08:54:38.584000,439332,150,533505,0.13,NQNX,12545
FOXO,20250717 08:54:54.550000,439989,16,533521,0.13,NQNX,12545
FOXO,20250717 08:56:40.727000,444610,198,535219,0.13,EDGX,12545
FOXO,20250717 08:56:40.727000,444609,1500,535021,0.13,EDGX,12545
FOXO,20250717 09:00:20.618000,452928,797,536016,0.13,NQEX,12545
FOXO,20250717 09:00:32.038000,453507,1,536017,0.13,EDGX,12545
FOXO,20250717 09:02:10.373000,457807,1000,537017,0.13,PACF,12545
FOXO,20250717 09:02:13.145000,457908,100,537117,0.13,PACF,12545
FOXO,20250717 09:02:13.146000,457909,1188,538305,0.13,PACF,12545
FOXO,20250717 09:03:05.934000,460188,1,538306,0.13,EDGX,12545
FOXO,20250717 09:03:33.981000,461339,1,538307,0.13,PACF,12545
FOXO,20250717 09:03:37.634000,461448,1,538308,0.13,NQNX,12545
FOXO,20250717 09:03:43.263000,461638,1,538309,0.13,PACF,12545
FOXO,20250717 09:03:45.849000,461695,224,538533,0.13,NQNX,12545
FOXO,20250717 09:03:53.407000,461958,1,538534,0.13,EDGX,12545
FOXO,20250717 09:04:03.180000,462441,1,538535,0.13,PACF,12545
FOXO,20250717 09:04:07.929000,462572,106,538641,0.13,NQNX,12545
FOXO,20250717 09:04:09.176000,462680,10,538651,0.13,PACF,12545
FOXO,20250717 09:04:10.418000,462724,1,538652,0.13,PACF,12545
FOXO,20250717 09:04:15.767000,462914,10,538662,0.13,PACF,12545
FOXO,20250717 09:04:17.464000,462995,1,538663,0.13,NQEX,12545
FOXO,20250717 09:04:24.188000,463235,3000,541663,0.13,EDGX,12545
FOXO,20250717 09:04:28.143000,463520,600,542263,0.13,EDGX,12545
FOXO,20250717 09:04:36.269000,463756,10,542273,0.13,EDGX,12545
FOXO,20250717 09:04:56.919000,464422,50,542323,0.13,PACF,12545
FOXO,20250717 09:04:58.633000,464479,10,542333,0.13,EDGX,12545
FOXO,20250717 09:05:42.394000,465848,86,542419,0.13,PACF,12545
FOXO,20250717 09:07:42.380000,470036,29,542448,0.13,NQNX,12545
FOXO,20250717 09:08:11.594000,471433,224,542672,0.13,NQNX,12545
FOXO,20250717 09:08:29.572000,472140,80,542752,0.13,PACF,12545
FOXO,20250717 09:09:38.933000,474737,1000,543752,0.13,NQNX,12545
FOXO,20250717 09:09:41.852000,474832,116,543868,0.13,PACF,12545
FOXO,20250717 09:10:38.351000,476976,804,544672,0.13,PACF,12545
FOXO,20250717 09:10:45.364000,477144,30,544702,0.13,NQNX,12545
FOXO,20250717 09:11:01.170000,477616,2000,546702,0.13,NQNX,12545
FOXO,20250717 09:11:55.231000,479537,723,547425,0.13,NQNX,12545
FOXO,20250717 09:12:41.869000,481010,34,547459,0.13,PACF,12545
FOXO,20250717 09:12:59.553000,481497,5,547931,0.13,PACF,12545
FOXO,20250717 09:12:59.553000,481498,9528,557459,0.13,PACF,12545
FOXO,20250717 09:12:59.553000,481495,466,547925,0.13,PACF,12545
FOXO,20250717 09:12:59.553000,481496,1,547926,0.13,PACF,12545
FOXO,20250717 09:14:03.808000,483715,1500,558959,0.13,PACF,12545
FOXO,20250717 09:14:13.120000,484118,100,559059,0.13,NQNX,12545
FOXO,20250717 09:15:02.363000,486201,6,559065,0.13,NQNX,12545
FOXO,20250717 09:16:03.755000,488864,5000,564065,0.13,NTRF,12545
FOXO,20250717 09:16:12.318000,489399,10,564075,0.13,EDGX,12545
FOXO,20250717 09:16:34.290000,490492,100,564175,0.13,PACF,12545
FOXO,20250717 09:16:51.529000,491145,8,564183,0.13,NQNX,12545
FOXO,20250717 09:17:32.511000,492876,1000,565183,0.13,EDGE,12545
FOXO,20250717 09:17:57.243000,493907,1485,566668,0.13,NQNX,12545
FOXO,20250717 09:19:03.045000,497272,1,566669,0.13,NQNX,12545
FOXO,20250717 09:19:56.301000,499141,2835,569504,0.13,PACF,12545
FOXO,20250717 09:20:11.906000,499802,3000,572504,0.13,PACF,12545
FOXO,20250717 09:20:40.030000,500787,15,572519,0.13,NQNX,12545
FOXO,20250717 09:20:54.053000,501266,1,572520,0.13,NQNX,12545
FOXO,20250717 09:21:32.541000,503442,200,572720,0.13,NQNX,12545
FOXO,20250717 09:21:32.541000,503443,800,573520,0.13,NQNX,12545
FOXO,20250717 09:21:33.673000,503475,200,573720,0.13,NQNX,12545
FOXO,20250717 09:21:33.673000,503476,800,574520,0.13,NQNX,12545
FOXO,20250717 09:21:34.808000,503498,200,574720,0.13,NQNX,12545
FOXO,20250717 09:21:34.808000,503499,800,575520,0.13,NQNX,12545
FOXO,20250717 09:21:37.089000,503613,100,575620,0.13,NQNX,12545
FOXO,20250717 09:21:57.227000,504379,400,576030,0.13,PACF,12545
FOXO,20250717 09:21:57.227000,504378,10,575630,0.13,PACF,12545
FOXO,20250717 09:22:46.579000,506949,40,576070,0.13,NQNX,12545
FOXO,20250717 09:22:50.448000,507081,100,576170,0.13,PACF,12545
FOXO,20250717 09:24:23.526000,511767,10,576180,0.13,PACF,12545
FOXO,20250717 09:24:26.269000,511883,800,578236,0.13,NQEX,12545
FOXO,20250717 09:24:26.269000,511880,56,576236,0.13,PACF,12545
FOXO,20250717 09:24:26.269000,511882,1000,577436,0.13,NQEX,12545
FOXO,20250717 09:24:26.269000,511881,200,576436,0.13,PACF,12545
FOXO,20250717 09:24:31.220000,512157,5,580222,0.13,PACF,12545
FOXO,20250717 09:24:31.220000,512159,100,580323,0.13,PACF,12545
FOXO,20250717 09:24:31.220000,512158,1,580223,0.13,PACF,12545
FOXO,20250717 09:24:31.220000,512154,200,580136,0.13,PACF,12545
FOXO,20250717 09:24:31.220000,512156,80,580217,0.13,PACF,12545
FOXO,20250717 09:24:31.220000,512155,1,580137,0.13,PACF,12545
FOXO,20250717 09:24:31.220000,512160,50,580373,0.13,PACF,12545
FOXO,20250717 09:24:31.220000,512153,500,579936,0.13,PACF,12545
FOXO,20250717 09:24:31.220000,512152,1200,579436,0.13,PACF,12545
FOXO,20250717 09:24:31.220000,512162,80,582453,0.13,PACF,12545
FOXO,20250717 09:24:31.220000,512163,5,582458,0.13,PACF,12545
FOXO,20250717 09:24:31.220000,512164,5778,588236,0.13,PACF,12545
FOXO,20250717 09:24:31.220000,512161,2000,582373,0.13,PACF,12545
FOXO,20250717 09:25:22.334000,514851,1250,589486,0.13,NTRF,12545
FOXO,20250717 09:25:41.144000,515605,4000,593486,0.13,NTRF,12545
FOXO,20250717 09:25:41.145000,515606,1334,594820,0.13,NQNX,12545
FOXO,20250717 09:25:41.147000,515607,2666,597486,0.13,NQNX,12545
FOXO,20250717 09:26:37.244000,517790,1,597487,0.13,NQNX,12545
FOXO,20250717 09:27:34.498000,520332,500,597987,0.13,NTRF,12545
FOXO,20250717 09:28:03.692000,523122,10,597997,0.13,PACF,12545
FOXO,20250717 09:28:10.590000,523406,10,598007,0.13,PACF,12545
FOXO,20250717 09:28:16.427000,523672,100,598107,0.13,NQNX,12545
FOXO,20250717 09:28:50.746000,525920,10,598117,0.13,PACF,12545
FOXO,20250717 09:28:51.277000,525955,10,598127,0.13,EDGX,12545
FOXO,20250717 09:28:51.293000,525956,195,598322,0.13,BATS,12545
FOXO,20250717 09:29:08.995000,526848,10,598332,0.13,PACF,12545
FOXO,20250717 09:29:11.364000,527124,200,598532,0.13,PACF,12545
FOXO,20250717 09:29:18.062000,527557,10,598542,0.13,PACF,12545
FOXO,20250717 09:29:34.103000,528363,10,598552,0.13,NQNX,12545
FOXO,20250717 09:30:00.034000,532985,505,599057,0.13,NQEX,12606
FOXO,20250717 09:30:00.035000,533000,505,599562,0.13,NQEX,12610
FOXO,20250717 09:30:00.088000,535668,115352,830266,0.13,AMEX,12610
FOXO,20250717 09:30:00.088000,535667,115352,714914,0.13,AMEX,12606
FOXO,20250717 09:30:01.482000,590228,1,830267,0.13,NQNX,12659
FOXO,20250717 09:30:01.485000,590321,1,830268,0.13,NQNX,12659
FOXO,20250717 09:30:01.614000,592385,1,830269,0.13,NQNX,12659
FOXO,20250717 09:30:01.741000,594100,4,830273,0.13,NQNX,12659
FOXO,20250717 09:30:01.773000,594377,300,830573,0.13,NQNX,12544
FOXO,20250717 09:30:01.816000,594702,1,830574,0.13,NQNX,12659
FOXO,20250717 09:30:01.821000,594758,1,830575,0.13,NQNX,12659
FOXO,20250717 09:30:01.947000,596025,1000,831575,0.13,NQNX,12544
FOXO,20250717 09:30:01.949000,596031,1000,832575,0.13,NQNX,12544
FOXO,20250717 09:30:01.950000,596058,465,833040,0.13,NQNX,12544
FOXO,20250717 09:30:01.952000,596065,12300,845340,0.13,NQNX,12544
FOXO,20250717 09:30:01.953000,596101,300,845640,0.13,NQNX,12544
FOXO,20250717 09:30:01.954000,596105,4037,849677,0.13,NQNX,12544
FOXO,20250717 09:30:01.956000,596119,898,850575,0.13,EDGX,12639
FOXO,20250717 09:30:01.996000,596449,102,850677,0.13,EDGX,12544
FOXO,20250717 09:30:02.030000,596714,600,851277,0.13,EDGX,12544
FOXO,20250717 09:30:02.108000,597509,100,851377,0.13,EDGX,12544
FOXO,20250717 09:30:02.421000,599387,200,851577,0.13,EDGX,12544
FOXO,20250717 09:30:03.332000,603381,200,851777,0.13,NQNX,12544
FOXO,20250717 09:30:03.428000,603753,100,851877,0.13,NQNX,12544
FOXO,20250717 09:30:04.863000,609700,9,851886,0.13,PACF,12659
FOXO,20250717 09:30:04.863000,609701,9,851895,0.13,PACF,12610
FOXO,20250717 09:30:05.169000,610817,300,852195,0.13,NQNX,12544
FOXO,20250717 09:30:05.253000,611255,100,852295,0.13,EDGX,12544
FOXO,20250717 09:30:05.285000,611346,300,852595,0.13,EDGX,12544
FOXO,20250717 09:30:07.254000,618281,300,852895,0.13,NQNX,12544
FOXO,20250717 09:30:07.798000,621190,100,852995,0.13,NQEX,12544
FOXO,20250717 09:30:08.393000,621851,300,853295,0.13,NQEX,12544
FOXO,20250717 09:30:09.250000,623213,300,853595,0.13,NQNX,12544
FOXO,20250717 09:30:11.272000,627946,100,853695,0.13,AMEX,12544
FOXO,20250717 09:30:11.272000,627947,100,853795,0.13,AMEX,12544
FOXO,20250717 09:30:11.273000,627949,200,853995,0.13,EDGX,12544
FOXO,20250717 09:30:11.905000,629809,300,854295,0.13,EDGX,12544
FOXO,20250717 09:30:13.857000,632386,200,854495,0.13,EDGX,12544
FOXO,20250717 09:30:13.857000,632387,200,854695,0.13,EDGX,12544
FOXO,20250717 09:30:13.917000,632454,100,854795,0.13,EDGX,12544
FOXO,20250717 09:30:14.864000,633601,1000,855795,0.13,NTRF,12544
FOXO,20250717 09:30:14.903000,633624,100,855895,0.13,EDGX,12544
FOXO,20250717 09:30:15.371000,634433,300,856195,0.13,EDGX,12544
FOXO,20250717 09:30:16.478000,636070,300,856495,0.13,EDGX,12544
FOXO,20250717 09:30:16.478000,636071,100,856595,0.13,PACF,12544
FOXO,20250717 09:30:18.906000,638419,100,856695,0.13,AMEX,12544
FOXO,20250717 09:30:18.906000,638420,300,856995,0.13,PACF,12544
FOXO,20250717 09:30:18.945000,638454,100,857095,0.13,PACF,12639
FOXO,20250717 09:30:19.027000,638470,500,857595,0.13,PACF,12544
FOXO,20250717 09:30:22.294000,641028,500,858095,0.13,PACF,12544
FOXO,20250717 09:30:22.332000,641040,100,858195,0.13,PACF,12639
FOXO,20250717 09:30:23.651000,642350,382,858577,0.13,PACF,12544
FOXO,20250717 09:30:25.502000,643871,200,859077,0.13,PACF,12544
FOXO,20250717 09:30:25.502000,643869,300,858877,0.13,AMEX,12544
FOXO,20250717 09:30:25.550000,644116,100,859177,0.13,PACF,12639
FOXO,20250717 09:30:28.050000,646090,400,859577,0.13,PACF,12544
FOXO,20250717 09:30:28.785000,646442,600,860177,0.13,PACF,12544
FOXO,20250717 09:30:32.671000,650284,500,860677,0.13,PACF,12544
FOXO,20250717 09:30:32.711000,650303,100,860777,0.13,PACF,12639
FOXO,20250717 09:30:32.802000,650365,600,861377,0.13,PACF,12544
FOXO,20250717 09:30:32.914000,650451,100,861477,0.13,PACF,12544
FOXO,20250717 09:30:32.955000,650464,100,861577,0.13,PACF,12639
FOXO,20250717 09:30:37.385000,653868,700,862277,0.13,PACF,12544
FOXO,20250717 09:30:37.473000,653900,925,863202,0.13,NQNX,12544
FOXO,20250717 09:30:37.515000,653914,100,863302,0.13,PACF,12639
FOXO,20250717 09:30:38.510000,654901,500,863802,0.13,PACF,12544
FOXO,20250717 09:30:38.551000,654942,100,863902,0.13,PACF,12639
FOXO,20250717 09:30:42.007000,658641,800,864702,0.13,PACF,12544
FOXO,20250717 09:30:44.385000,660387,600,865302,0.13,PACF,12544
FOXO,20250717 09:30:44.427000,660442,100,865402,0.13,PACF,12639
FOXO,20250717 09:30:47.217000,662886,800,866202,0.13,PACF,12544
FOXO,20250717 09:30:47.260000,662932,100,866302,0.13,PACF,12639
FOXO,20250717 09:30:47.337000,662980,100,866402,0.13,PACF,12544
FOXO,20250717 09:30:48.288000,663466,350,866752,0.13,NQNX,12544
FOXO,20250717 09:30:51.361000,666044,600,867352,0.13,PACF,12544
FOXO,20250717 09:30:51.405000,666068,100,867452,0.13,PACF,12639
FOXO,20250717 09:30:53.747000,668103,900,868352,0.13,PACF,12544
FOXO,20250717 09:30:53.870000,668200,100,868452,0.13,PACF,12544
FOXO,20250717 09:30:59.099000,672114,700,869152,0.13,PACF,12544
FOXO,20250717 09:30:59.137000,672120,100,869252,0.13,PACF,12639
FOXO,20250717 09:31:00.174000,673215,100,869352,0.13,PACF,12639
FOXO,20250717 09:31:01.569000,675252,1100,870452,0.13,PACF,12544
FOXO,20250717 09:31:01.610000,675269,100,870552,0.13,PACF,12639
FOXO,20250717 09:31:08.943000,685628,100,870652,0.13,AMEX,12544
FOXO,20250717 09:31:08.943000,685630,600,871352,0.13,PACF,12544
FOXO,20250717 09:31:08.943000,685629,100,870752,0.13,AMEX,12544
FOXO,20250717 09:31:08.983000,685674,100,871452,0.13,PACF,12639
FOXO,20250717 09:31:10.086000,687002,1200,872652,0.13,PACF,12544
FOXO,20250717 09:31:10.124000,687022,100,872752,0.13,PACF,12639
FOXO,20250717 09:31:19.526000,698481,1300,874052,0.13,PACF,12544
FOXO,20250717 09:31:19.563000,698505,100,874152,0.13,PACF,12639
FOXO,20250717 09:31:19.669000,698592,100,874252,0.13,PACF,12544
FOXO,20250717 09:31:20.093000,699067,900,875152,0.13,PACF,12544
FOXO,20250717 09:31:20.132000,699136,100,875252,0.13,PACF,12639
FOXO,20250717 09:31:21.740000,700744,6320,881572,0.13,NTRF,12544
FOXO,20250717 09:31:29.966000,709554,3337,884909,0.13,PACF,12639
FOXO,20250717 09:31:29.971000,709555,1,884910,0.13,NQNX,12659
FOXO,20250717 09:31:29.978000,709558,1,884911,0.13,NQNX,12659
FOXO,20250717 09:31:29.986000,709560,300,885211,0.13,PACF,12639
FOXO,20250717 09:31:30.548000,710213,685,885896,0.13,PACF,12544
FOXO,20250717 09:31:30.548000,710214,50,885946,0.13,PACF,12659
FOXO,20250717 09:31:30.583000,710237,100,886046,0.13,PACF,12544
FOXO,20250717 09:31:32.535000,712440,1000,887046,0.13,PACF,12544
FOXO,20250717 09:31:32.574000,712467,10,887146,0.13,PACF,12659
FOXO,20250717 09:31:32.574000,712466,90,887136,0.13,MEMX,12659
FOXO,20250717 09:31:36.317000,717142,1414,888560,0.13,MEMX,12544
FOXO,20250717 09:31:36.317000,717143,14,888574,0.13,PACF,12659
FOXO,20250717 09:31:36.317000,717144,1986,890560,0.13,PACF,12544
FOXO,20250717 09:31:36.317000,717146,14,890574,0.13,PACF,12659
FOXO,20250717 09:31:36.318000,717149,100,890688,0.13,PACF,12544
FOXO,20250717 09:31:36.318000,717147,14,890588,0.13,PACF,12659
FOXO,20250717 09:31:36.336000,717157,1,890689,0.13,EDGX,12659
FOXO,20250717 09:31:36.336000,717159,299,890988,0.13,PACF,12639
FOXO,20250717 09:31:36.336000,717160,100,891088,0.13,PACF,12544
FOXO,20250717 09:31:46.564000,725594,1100,892188,0.13,PACF,12544
FOXO,20250717 09:31:46.601000,725600,100,892288,0.13,PACF,12639
FOXO,20250717 09:31:49.220000,728518,1800,894088,0.13,PACF,12544
FOXO,20250717 09:31:49.221000,728521,900,894988,0.13,PACF,12544
FOXO,20250717 09:31:49.244000,728551,300,895288,0.13,PACF,12639
FOXO,20250717 09:31:54.132000,732399,200,895488,0.13,NQNX,12544
FOXO,20250717 09:31:55.297000,733141,10,895498,0.13,NQNX,12659
FOXO,20250717 09:32:01.528000,738096,10,895508,0.13,NQNX,12659
FOXO,20250717 09:32:02.007000,738725,1200,896708,0.13,PACF,12544
FOXO,20250717 09:32:02.042000,738782,100,896808,0.13,PACF,12639
FOXO,20250717 09:32:03.596000,740159,2000,898808,0.13,PACF,12544
FOXO,20250717 09:32:03.618000,740169,200,899008,0.13,PACF,12639
FOXO,20250717 09:32:03.973000,740921,100,899108,0.13,NQNX,12544
FOXO,20250717 09:32:12.774000,748284,400,899508,0.13,NTRF,12544
FOXO,20250717 09:32:12.808000,748321,10,899518,0.13,EDGX,12659
FOXO,20250717 09:32:12.975000,748432,100,899618,0.13,MEMX,12544
FOXO,20250717 09:32:19.014000,754028,106,899724,0.13,MEMX,12544
FOXO,20250717 09:32:19.594000,754296,427,902024,0.13,PACF,12544
FOXO,20250717 09:32:19.594000,754294,1773,901497,0.13,PACF,12544
FOXO,20250717 09:32:19.594000,754295,100,901597,0.13,PACF,12544
FOXO,20250717 09:32:19.615000,754305,200,902224,0.13,PACF,12639
FOXO,20250717 09:32:20.473000,754902,20,902667,0.13,PACF,12659
FOXO,20250717 09:32:20.473000,754900,373,902597,0.13,PACF,12544
FOXO,20250717 09:32:20.473000,754903,20,902687,0.13,PACF,12659
FOXO,20250717 09:32:20.473000,754901,50,902647,0.13,PACF,12659
FOXO,20250717 09:32:20.477000,754905,1,902688,0.13,NQNX,12659
FOXO,20250717 09:32:25.575000,760093,10,902698,0.13,NQNX,12659
FOXO,20250717 09:32:26.935000,761116,1500,904198,0.13,EDGX,12544
FOXO,20250717 09:32:26.968000,761126,100,904298,0.13,EDGX,12639
FOXO,20250717 09:32:37.770000,771806,2600,906898,0.13,EDGX,12544
FOXO,20250717 09:32:37.788000,771812,300,907198,0.13,EDGX,12639
FOXO,20250717 09:32:48.085000,782948,10,907208,0.13,EDGX,12659
FOXO,20250717 09:32:48.285000,783331,700,908908,0.13,NQNX,12544
FOXO,20250717 09:32:48.285000,783330,1000,908208,0.13,NQNX,12544
FOXO,20250717 09:32:48.319000,783413,100,909008,0.13,EDGX,12639
FOXO,20250717 09:32:53.932000,788864,69,909077,0.13,PACF,12659
FOXO,20250717 09:32:59.196000,793248,3000,912077,0.13,EDGX,12544
FOXO,20250717 09:32:59.218000,793252,200,912277,0.13,EDGX,12639
FOXO,20250717 09:32:59.251000,793263,100,912377,0.13,EDGX,12639
FOXO,20250717 09:33:01.687000,795580,2000,914377,0.13,EDGX,12639
FOXO,20250717 09:33:01.720000,795604,100,914477,0.13,EDGX,12639
FOXO,20250717 09:33:02.020000,795777,10,914487,0.13,PACF,12659
FOXO,20250717 09:33:13.264000,806894,17,914504,0.13,NQNX,12659
FOXO,20250717 09:33:13.290000,806910,22000,936504,0.13,NQNX,12544
FOXO,20250717 09:33:13.492000,807051,1,936505,0.13,NQNX,12659
FOXO,20250717 09:33:13.873000,807275,1100,937605,0.13,NQNX,12544
FOXO,20250717 09:33:13.874000,807276,800,938405,0.13,NQNX,12544
FOXO,20250717 09:33:13.895000,807348,200,938605,0.13,EDGX,12639
FOXO,20250717 09:33:15.098000,808244,2000,940605,0.13,NQNX,12544
FOXO,20250717 09:33:15.120000,808260,200,940805,0.13,EDGX,12639
FOXO,20250717 09:33:17.346000,811296,100,940905,0.13,NQNX,12544
FOXO,20250717 09:33:22.366000,819153,100,941005,0.13,EDGX,12544
FOXO,20250717 09:33:25.194000,821543,1100,943305,0.13,NQNX,12544
FOXO,20250717 09:33:25.194000,821542,100,942205,0.13,NQNX,12544
FOXO,20250717 09:33:25.194000,821541,1100,942105,0.13,NQNX,12544
FOXO,20250717 09:33:25.195000,821544,1100,944405,0.13,NQNX,12544
FOXO,20250717 09:33:25.211000,821550,300,944705,0.13,EDGX,12639
FOXO,20250717 09:33:42.776000,834603,2200,946905,0.13,EDGX,12544
FOXO,20250717 09:33:42.797000,834620,200,947105,0.13,EDGX,12639
FOXO,20250717 09:33:42.975000,834734,1858,948963,0.13,NQNX,12544
FOXO,20250717 09:33:42.995000,834745,200,949163,0.13,EDGX,12639
FOXO,20250717 09:33:43.502000,834958,1,949164,0.13,NQNX,12659
FOXO,20250717 09:33:45.601000,836675,18,949182,0.13,NQNX,12659
FOXO,20250717 09:33:47.324000,838024,3222,952404,0.13,NTRF,12544
FOXO,20250717 09:33:47.327000,838026,900,953304,0.13,NTRF,12544
FOXO,20250717 09:33:47.339000,838031,400,953704,0.13,EDGX,12639
FOXO,20250717 09:33:49.257000,839415,98,953802,0.13,NQNX,12659
FOXO,20250717 09:33:49.925000,839857,1,953803,0.13,NQNX,12659
FOXO,20250717 09:33:54.369000,844818,4000,957803,0.13,EDGX,12544
FOXO,20250717 09:33:54.385000,844822,300,958103,0.13,EDGX,12639
FOXO,20250717 09:33:54.420000,844867,100,958203,0.13,EDGX,12639
FOXO,20250717 09:33:56.470000,846262,50,958253,0.13,NQNX,12659
FOXO,20250717 09:34:15.389000,863106,2500,960753,0.13,EDGX,12544
FOXO,20250717 09:34:15.411000,863164,200,960953,0.13,EDGX,12639
FOXO,20250717 09:34:27.095000,872066,3600,964553,0.13,EDGX,12544
FOXO,20250717 09:34:27.095000,872067,900,965453,0.13,EDGX,12544
FOXO,20250717 09:34:27.108000,872074,100,965553,0.13,EDGX,12639
FOXO,20250717 09:34:27.108000,872075,11,965564,0.13,PACF,12659
FOXO,20250717 09:34:27.108000,872076,289,965853,0.13,PACF,12639
FOXO,20250717 09:34:29.086000,873449,1,965854,0.13,NQNX,12659
FOXO,20250717 09:34:29.093000,873452,21,965875,0.13,NQNX,12659
FOXO,20250717 09:34:33.809000,877656,7000,972875,0.13,NQNX,12544
FOXO,20250717 09:34:47.193000,888439,50,972925,0.13,NQNX,12659
FOXO,20250717 09:34:51.996000,891764,711,973636,0.13,PACF,12544
FOXO,20250717 09:34:51.996000,891768,100,974296,0.13,PACF,12544
FOXO,20250717 09:34:51.996000,891767,500,974196,0.13,PACF,12544
FOXO,20250717 09:34:51.996000,891765,10,973646,0.13,PACF,12659
FOXO,20250717 09:34:51.996000,891766,50,973696,0.13,PACF,12659
FOXO,20250717 09:34:51.997000,891772,1200,975722,0.13,MEMX,12544
FOXO,20250717 09:34:51.997000,891771,63,974522,0.13,MEMX,12659
FOXO,20250717 09:34:51.997000,891770,163,974459,0.13,NQEX,12544
FOXO,20250717 09:34:52.018000,891786,297,976019,0.13,MEMX,12639
FOXO,20250717 09:34:52.018000,891787,3,976022,0.13,MEMX,12659
FOXO,20250717 09:34:52.098000,891838,97,976119,0.13,MEMX,12659
FOXO,20250717 09:35:01.949000,900197,25,976144,0.13,NQNX,12659
FOXO,20250717 09:35:05.671000,905994,55,976199,0.13,MEMX,12659
FOXO,20250717 09:35:06.212000,906576,1100,977299,0.13,NQNX,12544
FOXO,20250717 09:35:06.212000,906577,700,977999,0.13,NQNX,12544
FOXO,20250717 09:35:06.212000,906578,1100,979099,0.13,NQNX,12544
FOXO,20250717 09:35:06.213000,906582,1100,981299,0.13,NQNX,12544
FOXO,20250717 09:35:06.213000,906580,1100,980199,0.13,NQNX,12544
FOXO,20250717 09:35:06.225000,906593,400,981699,0.13,EDGX,12639
FOXO,20250717 09:35:06.257000,906623,100,981799,0.13,EDGX,12639
FOXO,20250717 09:35:06.699000,907170,2000,983799,0.13,NQNX,12544
FOXO,20250717 09:35:06.718000,907177,100,984099,0.13,PACF,12544
FOXO,20250717 09:35:06.718000,907176,100,983999,0.13,PACF,12639
FOXO,20250717 09:35:06.718000,907175,100,983899,0.13,PACF,12639
FOXO,20250717 09:35:06.721000,907184,100,984199,0.13,PACF,12544
FOXO,20250717 09:35:06.723000,907185,1200,985399,0.13,PACF,12544
FOXO,20250717 09:35:06.725000,907186,200,985599,0.13,PACF,12544
FOXO,20250717 09:35:07.977000,908607,9,985608,0.13,NQNX,12659
FOXO,20250717 09:35:08.245000,908830,30,985638,0.13,NQNX,12659
FOXO,20250717 09:35:12.069000,913519,100,985738,0.13,PACF,12544
FOXO,20250717 09:35:14.052000,916221,4000,989738,0.13,NQNX,12544
FOXO,20250717 09:35:14.052000,916222,232,989970,0.13,PACF,12544
FOXO,20250717 09:35:14.053000,916228,500,990470,0.13,PACF,12544
FOXO,20250717 09:35:14.054000,916229,1000,991470,0.13,PACF,12544
FOXO,20250717 09:35:14.061000,916234,1200,992670,0.13,NQNX,12544
FOXO,20250717 09:35:14.272000,916555,682,993352,0.13,NTRF,12544
FOXO,20250717 09:35:15.597000,917975,650,994002,0.13,NTRF,12544
FOXO,20250717 09:35:21.792000,924267,3168,997170,0.13,PACF,12544
FOXO,20250717 09:35:26.571000,930059,2000,999170,0.13,NQNX,12544
FOXO,20250717 09:35:36.393000,940244,5,999175,0.13,NTRF,12659
FOXO,20250717 09:35:38.471000,941946,100,999475,0.13,NYSE,12544
FOXO,20250717 09:35:38.471000,941945,200,999375,0.13,MEMX,12544
FOXO,20250717 09:35:43.363000,946420,50,1001625,0.13,AMEX,12659
FOXO,20250717 09:35:43.363000,946421,1100,1002725,0.13,EDGX,12544
FOXO,20250717 09:35:43.363000,946419,2100,1001575,0.13,EDGX,12544
FOXO,20250717 09:35:43.364000,946422,1000,1003725,0.13,NQNX,12544
FOXO,20250717 09:35:43.366000,946424,1000,1006525,0.13,MEMX,12639
FOXO,20250717 09:35:43.366000,946423,1800,1005525,0.13,MEMX,12639
FOXO,20250717 09:35:43.382000,946427,400,1006925,0.13,EDGX,12639
FOXO,20250717 09:35:44.329000,947145,34,1006959,0.13,NQNX,12659
FOXO,20250717 09:35:52.447000,954555,20,1007019,0.13,PACF,12659
FOXO,20250717 09:35:52.447000,954556,100,1007119,0.13,PACF,12544
FOXO,20250717 09:35:52.447000,954557,2161,1009280,0.13,EDGX,12544
FOXO,20250717 09:35:52.447000,954558,700,1009980,0.13,PACF,12544
FOXO,20250717 09:35:52.447000,954559,40,1010020,0.13,PACF,12659
FOXO,20250717 09:35:52.447000,954560,500,1010520,0.13,EDGX,12544
FOXO,20250717 09:35:52.447000,954562,1100,1012620,0.13,NQEX,12544
FOXO,20250717 09:35:52.447000,954561,1000,1011520,0.13,EDGX,12544
FOXO,20250717 09:35:52.447000,954554,40,1006999,0.13,PACF,12659
FOXO,20250717 09:35:52.447000,954563,40,1012660,0.13,MEMX,12659
FOXO,20250717 09:35:52.459000,954564,160,1012820,0.13,PACF,12639
FOXO,20250717 09:35:52.459000,954565,200,1013020,0.13,PACF,12639
FOXO,20250717 09:35:52.459000,954566,140,1013160,0.13,PACF,12639
FOXO,20250717 09:35:52.491000,954588,100,1013260,0.13,PACF,12639
FOXO,20250717 09:36:13.120000,976675,1508,1017260,0.13,PACF,12544
FOXO,20250717 09:36:13.120000,976673,268,1013528,0.13,PACF,12544
FOXO,20250717 09:36:13.120000,976674,2224,1015752,0.13,PACF,12544
FOXO,20250717 09:36:13.135000,976699,300,1017560,0.13,PACF,12639
FOXO,20250717 09:36:15.625000,979242,310,1017870,0.13,NQEX,12639
FOXO,20250717 09:36:15.658000,979260,100,1017970,0.13,PACF,12639
FOXO,20250717 09:36:20.068000,983247,15,1017985,0.13,NQNX,12659
FOXO,20250717 09:36:20.633000,983741,1,1017986,0.13,NQNX,12659
FOXO,20250717 09:36:20.888000,983814,14,1018000,0.13,NQNX,12659
FOXO,20250717 09:36:22.845000,985873,300,1018300,0.13,NQEX,12639
FOXO,20250717 09:36:24.851000,987759,1608,1019908,0.13,PACF,12544
FOXO,20250717 09:36:24.881000,987783,100,1020008,0.13,PACF,12639
FOXO,20250717 09:36:25.063000,987854,100,1020108,0.13,NQEX,12544
FOXO,20250717 09:36:25.064000,987855,100,1020208,0.13,NQEX,12544
FOXO,20250717 09:36:25.065000,987856,100,1020308,0.13,NQEX,12544
FOXO,20250717 09:36:25.067000,987858,100,1020408,0.13,NQEX,12544
FOXO,20250717 09:36:25.068000,987862,100,1020508,0.13,NQEX,12544
FOXO,20250717 09:36:25.095000,987918,100,1020608,0.13,PACF,12639
FOXO,20250717 09:36:26.897000,989869,300,1020908,0.13,IEX,12544
FOXO,20250717 09:36:26.897000,989873,400,1021608,0.13,IEX,12544
FOXO,20250717 09:36:26.897000,989872,300,1021208,0.13,NQNX,12544
FOXO,20250717 09:36:26.931000,989918,100,1021708,0.13,PACF,12639
FOXO,20250717 09:36:35.762000,997518,1200,1024368,0.13,MEMX,12544
FOXO,20250717 09:36:35.762000,997517,1460,1023168,0.13,MEMX,12544
FOXO,20250717 09:36:35.762000,997519,900,1025268,0.13,PACF,12544
FOXO,20250717 09:36:35.778000,997527,300,1025568,0.13,PACF,12639
FOXO,20250717 09:36:37.279000,998972,7500,1033068,0.13,NQNX,12544
FOXO,20250717 09:36:38.365000,1000892,2803,1035871,0.13,NQNX,12544
FOXO,20250717 09:36:38.385000,1000929,200,1036071,0.13,PACF,12639
FOXO,20250717 09:36:38.417000,1001065,100,1036171,0.13,PACF,12639
FOXO,20250717 09:36:44.347000,1007425,675,1036846,0.13,PACF,12544
FOXO,20250717 09:36:44.347000,1007426,5000,1041846,0.13,PACF,12544
FOXO,20250717 09:36:44.347000,1007427,525,1042371,0.13,PACF,12544
FOXO,20250717 09:36:44.348000,1007428,75,1042446,0.13,NQEX,12659
FOXO,20250717 09:36:44.360000,1007429,500,1042946,0.13,PACF,12639
FOXO,20250717 09:36:44.391000,1007437,100,1043046,0.13,PACF,12639
FOXO,20250717 09:36:56.209000,1018224,159,1043205,0.13,NQNX,12544
FOXO,20250717 09:36:56.521000,1018460,1,1043206,0.13,NQNX,12659
FOXO,20250717 09:37:12.691000,1034168,1000,1044521,0.13,PACF,12544
FOXO,20250717 09:37:12.691000,1034167,315,1043521,0.13,PACF,12544
FOXO,20250717 09:37:12.692000,1034169,5685,1050206,0.13,NQNX,12544
FOXO,20250717 09:37:12.702000,1034172,89,1050806,0.13,PACF,12659
FOXO,20250717 09:37:12.702000,1034171,511,1050717,0.13,PACF,12639
FOXO,20250717 09:37:30.586000,1051029,1000,1051806,0.13,NQNX,12544
FOXO,20250717 09:37:30.619000,1051041,100,1051906,0.13,MEMX,12639
FOXO,20250717 09:37:33.533000,1054251,3900,1055806,0.13,PACF,12544
FOXO,20250717 09:37:33.552000,1054260,300,1056106,0.13,PACF,12639
FOXO,20250717 09:37:33.580000,1054276,100,1056206,0.13,PACF,12639
FOXO,20250717 09:37:42.135000,1060864,3200,1060771,0.13,NQEX,12544
FOXO,20250717 09:37:42.135000,1060863,554,1057571,0.13,PACF,12544
FOXO,20250717 09:37:42.135000,1060862,200,1057017,0.13,PACF,12544
FOXO,20250717 09:37:42.135000,1060861,611,1056817,0.13,PACF,12544
FOXO,20250717 09:37:42.136000,1060867,11,1060828,0.13,NQEX,12659
FOXO,20250717 09:37:42.136000,1060866,11,1060817,0.13,NQEX,12659
FOXO,20250717 09:37:42.136000,1060865,35,1060806,0.13,IEX,12659
FOXO,20250717 09:37:42.137000,1060868,11,1060839,0.13,NQEX,12659
FOXO,20250717 09:37:42.137000,1060869,11,1060850,0.13,NQEX,12659
FOXO,20250717 09:37:42.138000,1060870,2100,1062950,0.13,NQEX,12544
FOXO,20250717 09:37:42.172000,1060996,600,1063550,0.13,NQEX,12639
FOXO,20250717 09:37:42.236000,1061199,100,1063650,0.13,NQEX,12544
FOXO,20250717 09:37:50.339000,1065922,3000,1066650,0.13,NQNX,12544
FOXO,20250717 09:37:50.358000,1065930,300,1066950,0.13,NQEX,12639
FOXO,20250717 09:38:08.843000,1079688,200,1067150,0.13,PACF,12544
FOXO,20250717 09:38:11.470000,1081219,3841,1071091,0.13,NQEX,12544
FOXO,20250717 09:38:11.470000,1081220,184,1071275,0.13,NQEX,12544
FOXO,20250717 09:38:11.470000,1081217,50,1067200,0.13,PACF,12659
FOXO,20250717 09:38:11.470000,1081221,515,1071790,0.13,NQEX,12544
FOXO,20250717 09:38:11.470000,1081218,50,1067250,0.13,PACF,12659
FOXO,20250717 09:38:11.475000,1081226,50,1071940,0.12,PACF,12659
FOXO,20250717 09:38:11.475000,1081225,100,1071890,0.12,PACF,12639
FOXO,20250717 09:38:16.530000,1085040,100,1072242,0.12,PACF,12639
FOXO,20250717 09:38:16.530000,1085041,111,1072353,0.12,PACF,12639
FOXO,20250717 09:38:16.530000,1085042,1,1072354,0.12,PACF,12659
FOXO,20250717 09:38:16.530000,1085039,202,1072142,0.12,PACF,12639
FOXO,20250717 09:38:16.530000,1085044,18,1072422,0.12,PACF,12659
FOXO,20250717 09:38:16.530000,1085043,50,1072404,0.12,PACF,12659
FOXO,20250717 09:38:16.531000,1085045,20,1072442,0.12,PACF,12659
FOXO,20250717 09:38:16.531000,1085046,3,1072445,0.12,EDGX,12659
FOXO,20250717 09:38:16.535000,1085048,100,1072545,0.12,MEMX,12639
FOXO,20250717 09:38:16.539000,1085057,15,1072960,0.12,NQEX,12659
FOXO,20250717 09:38:16.539000,1085056,400,1072945,0.12,MEMX,12639
FOXO,20250717 09:38:16.560000,1085062,69,1073029,0.12,EDGE,12659
FOXO,20250717 09:38:23.451000,1089798,1050,1074079,0.12,NTRF,12544
FOXO,20250717 09:38:32.882000,1095436,110,1074189,0.12,PACF,12639
FOXO,20250717 09:38:32.883000,1095438,100,1074289,0.12,BATS,12639
FOXO,20250717 09:38:32.883000,1095439,4931,1079220,0.12,EDGE,12639
FOXO,20250717 09:38:32.907000,1095459,1209,1080429,0.12,NQNX,12544
FOXO,20250717 09:38:36.120000,1097641,3044,1083473,0.12,NQNX,12544
FOXO,20250717 09:38:41.690000,1101512,5000,1088473,0.12,NQNX,12544
FOXO,20250717 09:39:01.008000,1113301,200,1088673,0.12,EDGX,12639
FOXO,20250717 09:39:01.153000,1113409,50,1088723,0.12,NQNX,12659
FOXO,20250717 09:39:04.823000,1115834,500,1089223,0.12,EDGX,12639
FOXO,20250717 09:39:06.828000,1117084,100,1089323,0.12,NQNX,12544
FOXO,20250717 09:39:07.559000,1117686,50,1090155,0.12,PACF,12659
FOXO,20250717 09:39:07.559000,1117683,10,1089555,0.12,PACF,12659
FOXO,20250717 09:39:07.559000,1117684,50,1089605,0.12,PACF,12659
FOXO,20250717 09:39:07.559000,1117685,500,1090105,0.12,PACF,12544
FOXO,20250717 09:39:07.559000,1117682,222,1089545,0.12,PACF,12544
FOXO,20250717 09:39:07.559000,1117687,468,1090623,0.12,PACF,12544
FOXO,20250717 09:39:12.669000,1121419,100,1090723,0.12,NQNX,12544
FOXO,20250717 09:39:13.946000,1122201,200,1090923,0.12,PACF,12639
FOXO,20250717 09:39:21.734000,1126882,700,1091623,0.12,NQNX,12544
FOXO,20250717 09:39:21.769000,1126889,100,1091723,0.12,PACF,12639
FOXO,20250717 09:39:27.200000,1130143,10000,1101723,0.12,NQNX,12544
FOXO,20250717 09:39:33.082000,1134055,20100,1121823,0.12,NQNX,12544
FOXO,20250717 09:39:33.542000,1134227,5000,1126823,0.12,NQNX,12544
FOXO,20250717 09:39:33.564000,1134267,400,1127223,0.12,PACF,12639
FOXO,20250717 09:39:37.910000,1137286,1800,1129023,0.12,NTRF,12544
FOXO,20250717 09:39:37.948000,1137312,200,1129223,0.12,PACF,12639
FOXO,20250717 09:39:42.687000,1139866,50,1129273,0.12,NQNX,12659
FOXO,20250717 09:39:51.009000,1144861,20,1129293,0.12,NQNX,12659
FOXO,20250717 09:39:58.117000,1149983,1000,1130293,0.12,BATY,12544
FOXO,20250717 09:39:58.135000,1149988,1000,1131293,0.12,BATY,12544
FOXO,20250717 09:39:58.137000,1149989,13800,1145093,0.12,NQNX,12544
FOXO,20250717 09:39:58.170000,1150106,200,1145293,0.12,PACF,12639
FOXO,20250717 09:40:03.019000,1154548,59,1145352,0.12,NQNX,12659
FOXO,20250717 09:40:10.589000,1161429,530,1145882,0.12,NTRF,12544
FOXO,20250717 09:40:10.678000,1161458,18,1145900,0.12,PACF,12659
FOXO,20250717 09:40:11.473000,1161963,20,1145920,0.12,NQNX,12659
FOXO,20250717 09:40:16.369000,1166002,1,1145921,0.12,NQNX,12659
FOXO,20250717 09:40:18.851000,1168729,10000,1155921,0.12,NQNX,12544
FOXO,20250717 09:40:21.909000,1171119,100,1156021,0.12,NQNX,12544
FOXO,20250717 09:40:24.699000,1173247,10,1156031,0.12,NQNX,12659
FOXO,20250717 09:40:29.252000,1176588,100,1156131,0.12,NQNX,12544
FOXO,20250717 09:40:32.543000,1179301,50,1156181,0.12,NQNX,12659
FOXO,20250717 09:40:32.670000,1179337,3000,1159181,0.12,NQNX,12544
FOXO,20250717 09:40:47.624000,1189376,5000,1164181,0.12,NQNX,12544
FOXO,20250717 09:40:58.681000,1197271,1,1164182,0.12,NQNX,12659
FOXO,20250717 09:41:00.667000,1198910,5000,1169182,0.12,NTRF,12544
FOXO,20250717 09:41:02.745000,1200898,2000,1171182,0.12,NTRF,12544
FOXO,20250717 09:41:09.307000,1207399,500,1171682,0.12,PACF,12544
FOXO,20250717 09:41:10.868000,1209262,100,1171782,0.12,NQNX,12544
FOXO,20250717 09:41:10.869000,1209263,100,1171882,0.12,NQNX,12544
FOXO,20250717 09:41:10.869000,1209264,100,1171982,0.12,NQNX,12544
FOXO,20250717 09:41:10.870000,1209266,100,1172082,0.12,NQNX,12544
FOXO,20250717 09:41:10.969000,1209395,100,1172182,0.12,NQNX,12544
FOXO,20250717 09:41:14.314000,1211386,374,1174056,0.12,NQNX,12544
FOXO,20250717 09:41:14.314000,1211384,500,1173182,0.12,NQNX,12544
FOXO,20250717 09:41:14.314000,1211385,500,1173682,0.12,NQNX,12544
FOXO,20250717 09:41:14.314000,1211383,500,1172682,0.12,NQNX,12544
FOXO,20250717 09:41:14.315000,1211393,1779,1182775,0.12,NQNX,12544
FOXO,20250717 09:41:14.315000,1211392,2000,1180996,0.12,NQNX,12544
FOXO,20250717 09:41:14.315000,1211391,2000,1178996,0.12,NQNX,12544
FOXO,20250717 09:41:14.315000,1211387,1000,1175056,0.12,NQNX,12544
FOXO,20250717 09:41:14.315000,1211388,110,1175166,0.12,NQNX,12544
FOXO,20250717 09:41:14.315000,1211390,830,1176996,0.12,PACF,12639
FOXO,20250717 09:41:14.315000,1211389,1000,1176166,0.12,NQNX,12544
FOXO,20250717 09:41:14.316000,1211394,830,1183605,0.12,PACF,12639
FOXO,20250717 09:41:14.347000,1211419,10,1183615,0.12,NQNX,12659
FOXO,20250717 09:41:22.124000,1218815,343,1183958,0.12,PACF,12544
FOXO,20250717 09:41:22.124000,1218816,100,1184058,0.12,PACF,12544
FOXO,20250717 09:41:22.124000,1218817,7000,1191058,0.12,PACF,12544
FOXO,20250717 09:41:22.124000,1218818,10301,1201359,0.12,PACF,12544
FOXO,20250717 09:41:22.124000,1218819,100,1201459,0.12,PACF,12544
FOXO,20250717 09:41:22.910000,1219737,5,1201464,0.12,NQNX,12659
FOXO,20250717 09:41:23.699000,1220190,5814,1207278,0.12,NQNX,12544
FOXO,20250717 09:41:23.700000,1220191,2000,1209278,0.12,NQNX,12544
FOXO,20250717 09:41:23.701000,1220193,100,1210168,0.12,EDGX,12544
FOXO,20250717 09:41:23.701000,1220194,10,1210178,0.12,EDGX,12659
FOXO,20250717 09:41:23.701000,1220192,790,1210068,0.12,PACF,12544
FOXO,20250717 09:41:23.736000,1220268,550,1210728,0.12,MEMX,12639
FOXO,20250717 09:41:30.374000,1225169,5,1210733,0.12,NQNX,12659
FOXO,20250717 09:41:30.629000,1225438,1000,1211733,0.12,NQNX,12544
FOXO,20250717 09:41:31.798000,1226618,1000,1212733,0.12,EDGX,12639
FOXO,20250717 09:41:34.848000,1228748,300,1213033,0.12,NQNX,12544
FOXO,20250717 09:41:44.041000,1235227,100,1213133,0.12,NQNX,12544
FOXO,20250717 09:41:44.751000,1235795,800,1213933,0.12,NQNX,12544
FOXO,20250717 09:41:47.936000,1237812,1000,1214933,0.12,NQNX,12544
FOXO,20250717 09:41:58.950000,1244518,10,1214943,0.12,NQNX,12659
FOXO,20250717 09:42:19.136000,1263288,10000,1224943,0.12,NQNX,12544
FOXO,20250717 09:42:24.477000,1268063,98,1225041,0.12,PACF,12659
FOXO,20250717 09:42:26.096000,1270023,100,1225141,0.12,NQNX,12544
FOXO,20250717 09:42:26.662000,1270612,200,1225341,0.12,EDGX,12544
FOXO,20250717 09:42:29.059000,1271972,1000,1226341,0.12,NQNX,12544
FOXO,20250717 09:42:29.175000,1272023,100,1226641,0.12,EDGX,12639
FOXO,20250717 09:42:29.175000,1272022,200,1226541,0.12,EDGX,12639
FOXO,20250717 09:42:29.864000,1272444,5000,1231641,0.12,BATY,12544
FOXO,20250717 09:42:32.076000,1274182,200,1231841,0.12,PACF,12544
FOXO,20250717 09:42:32.246000,1274246,200,1232041,0.12,PACF,12544
FOXO,20250717 09:42:35.295000,1276789,100,1232141,0.12,NQNX,12544
FOXO,20250717 09:42:36.218000,1277430,200,1232341,0.12,PACF,12544
FOXO,20250717 09:42:36.252000,1277487,1000,1233341,0.12,NQNX,12544
FOXO,20250717 09:42:37.534000,1278876,200,1233541,0.12,PACF,12544
FOXO,20250717 09:42:45.324000,1285192,39,1233580,0.12,NQNX,12659
FOXO,20250717 09:42:49.137000,1287518,100,1233680,0.12,NQNX,12544
FOXO,20250717 09:42:53.420000,1290748,80,1233760,0.12,NQNX,12659
FOXO,20250717 09:42:53.472000,1290771,1666,1235426,0.12,PACF,12639
FOXO,20250717 09:42:53.936000,1291010,300,1235726,0.12,PACF,12544
FOXO,20250717 09:42:56.496000,1292890,1000,1236726,0.12,NQNX,12544
FOXO,20250717 09:42:58.295000,1293998,234,1236960,0.12,PACF,12544
FOXO,20250717 09:42:58.374000,1294016,200,1237160,0.12,NQNX,12544
FOXO,20250717 09:42:58.589000,1294147,100,1237260,0.12,NQNX,12544
FOXO,20250717 09:42:59.500000,1294710,1000,1238260,0.12,NQNX,12544
FOXO,20250717 09:42:59.907000,1295048,200,1238460,0.12,PACF,12544
FOXO,20250717 09:43:02.445000,1297233,93,1238553,0.12,NQNX,12659
FOXO,20250717 09:43:09.336000,1302770,10000,1248553,0.12,NQNX,12544
FOXO,20250717 09:43:10.120000,1303587,701,1249254,0.12,MEMX,12639
FOXO,20250717 09:43:11.622000,1304674,4000,1253704,0.12,MEMX,12639
FOXO,20250717 09:43:11.622000,1304675,4010,1257714,0.12,PACF,12639
FOXO,20250717 09:43:11.622000,1304673,450,1249704,0.12,MEMX,12639
FOXO,20250717 09:43:13.099000,1305759,1000,1258714,0.12,NQNX,12544
FOXO,20250717 09:43:13.337000,1306042,100,1258814,0.12,PACF,12544
FOXO,20250717 09:43:13.632000,1306461,300,1259114,0.12,PACF,12544
FOXO,20250717 09:43:15.053000,1307217,5000,1264114,0.12,NQNX,12544
FOXO,20250717 09:43:16.194000,1308060,2,1264116,0.12,NQNX,12659
FOXO,20250717 09:43:16.531000,1308205,300,1264416,0.12,PACF,12544
FOXO,20250717 09:43:17.385000,1309093,59,1264475,0.12,PACF,12659
FOXO,20250717 09:43:17.385000,1309094,992,1265467,0.12,PACF,12544
FOXO,20250717 09:43:18.009000,1309599,10000,1275467,0.12,NQNX,12544
FOXO,20250717 09:43:18.143000,1309653,250,1275717,0.12,NTRF,12544
FOXO,20250717 09:43:19.447000,1310345,1500,1277217,0.12,NQNX,12544
FOXO,20250717 09:43:19.724000,1310487,5000,1282217,0.12,PACF,12544
FOXO,20250717 09:43:19.724000,1310490,267,1282917,0.12,PACF,12544
FOXO,20250717 09:43:19.724000,1310489,100,1282650,0.12,PACF,12544
FOXO,20250717 09:43:19.724000,1310488,333,1282550,0.12,PACF,12544
FOXO,20250717 09:43:20.830000,1310989,300,1283217,0.12,NQNX,12544
FOXO,20250717 09:43:23.959000,1312763,300,1283517,0.12,NQNX,12544
FOXO,20250717 09:43:26.001000,1313957,24869,1313017,0.12,NQNX,12544
FOXO,20250717 09:43:26.001000,1313956,4631,1288148,0.12,NQNX,12544
FOXO,20250717 09:43:29.092000,1316397,5000,1318017,0.12,NQNX,12544
FOXO,20250717 09:43:29.946000,1317186,400,1318417,0.12,NQNX,12544
FOXO,20250717 09:43:30.205000,1317387,5000,1323417,0.12,NQNX,12544
FOXO,20250717 09:43:31.732000,1318347,300,1323717,0.12,NQNX,12544
FOXO,20250717 09:43:37.070000,1321732,8,1323725,0.12,NQNX,12659
FOXO,20250717 09:43:38.378000,1322977,300,1324025,0.12,NQNX,12544
FOXO,20250717 09:43:39.246000,1323558,400,1324425,0.12,NQNX,12544
FOXO,20250717 09:43:42.993000,1326858,100,1324525,0.12,IEX,12544
FOXO,20250717 09:43:42.993000,1326859,200,1324725,0.12,IEX,12544
FOXO,20250717 09:43:42.994000,1326860,700,1325425,0.12,NQNX,12544
FOXO,20250717 09:43:52.229000,1333204,400,1325825,0.12,NQNX,12544
FOXO,20250717 09:43:53.284000,1333728,1,1325826,0.12,NQNX,12659
FOXO,20250717 09:43:53.984000,1334050,500,1326326,0.12,NQNX,12544
FOXO,20250717 09:43:54.072000,1334134,400,1326726,0.12,NQNX,12544
FOXO,20250717 09:43:54.214000,1334196,2400,1339326,0.12,NQNX,12544
FOXO,20250717 09:43:54.214000,1334195,2400,1336926,0.12,NQNX,12544
FOXO,20250717 09:43:54.214000,1334193,2400,1334526,0.12,NQNX,12544
FOXO,20250717 09:43:54.214000,1334192,1200,1332126,0.12,NQNX,12544
FOXO,20250717 09:43:54.214000,1334189,600,1328526,0.12,NQNX,12544
FOXO,20250717 09:43:54.214000,1334187,600,1327326,0.12,NQNX,12544
FOXO,20250717 09:43:54.214000,1334188,600,1327926,0.12,NQNX,12544
FOXO,20250717 09:43:54.214000,1334190,1200,1329726,0.12,NQNX,12544
FOXO,20250717 09:43:54.214000,1334191,1200,1330926,0.12,NQNX,12544
FOXO,20250717 09:43:54.215000,1334197,2400,1341726,0.12,NQNX,12544
FOXO,20250717 09:43:55.299000,1334547,100,1341826,0.12,NQNX,12544
FOXO,20250717 09:43:56.220000,1335220,100,1341926,0.12,NQNX,12544
FOXO,20250717 09:43:57.360000,1335649,100,1342026,0.12,NQNX,12544
FOXO,20250717 09:43:59.433000,1336814,100,1342126,0.12,NQNX,12544
FOXO,20250717 09:43:59.434000,1336815,100,1342226,0.12,NQNX,12544
FOXO,20250717 09:44:01.518000,1338458,100,1342326,0.12,NQNX,12544
FOXO,20250717 09:44:09.156000,1343798,400,1342726,0.12,NQNX,12544
FOXO,20250717 09:44:09.157000,1343799,300,1343026,0.12,NQNX,12544
FOXO,20250717 09:44:11.014000,1344903,5000,1348026,0.12,NTRF,12544
FOXO,20250717 09:44:17.032000,1349152,41241,1389275,0.12,PACF,12639
FOXO,20250717 09:44:17.032000,1349151,8,1348034,0.12,PACF,12659
FOXO,20250717 09:44:17.033000,1349153,200,1389475,0.12,EDGX,12639
FOXO,20250717 09:44:17.504000,1349401,500,1389975,0.12,NQNX,12544
FOXO,20250717 09:44:19.046000,1349947,600,1390575,0.12,NQNX,12544
FOXO,20250717 09:44:22.988000,1352524,500,1391075,0.12,NQNX,12544
FOXO,20250717 09:44:26.973000,1355097,600,1391675,0.12,NQNX,12544
FOXO,20250717 09:44:27.279000,1355288,1000,1392675,0.12,NQNX,12544
FOXO,20250717 09:44:27.414000,1355318,400,1393075,0.12,NQNX,12544
FOXO,20250717 09:44:29.254000,1356890,200,1393275,0.12,NQNX,12544
FOXO,20250717 09:44:29.646000,1357006,200,1393475,0.12,NQNX,12544
FOXO,20250717 09:44:30.148000,1357278,2860,1396335,0.12,NTRF,12544
FOXO,20250717 09:44:31.548000,1358109,100,1396435,0.12,NQNX,12544
FOXO,20250717 09:44:37.562000,1361609,400,1396835,0.12,EDGX,12544
FOXO,20250717 09:44:40.655000,1363786,171,1397006,0.12,NQNX,12544
FOXO,20250717 09:44:40.658000,1363789,100,1397106,0.12,MEMX,12544
FOXO,20250717 09:44:41.134000,1364091,16540,1413646,0.12,NQNX,12544
FOXO,20250717 09:44:42.718000,1365028,1000,1414646,0.12,NQNX,12544
FOXO,20250717 09:44:44.389000,1366074,2000,1416646,0.12,NQNX,12544
FOXO,20250717 09:44:44.396000,1366075,700,1417346,0.12,NQNX,12544
FOXO,20250717 09:44:44.671000,1366188,700,1418046,0.12,NQNX,12544
FOXO,20250717 09:44:48.167000,1367837,5,1418051,0.12,NQNX,12659
FOXO,20250717 09:44:52.120000,1370115,1000,1419051,0.12,NQNX,12544
FOXO,20250717 09:44:53.335000,1370831,8290,1427341,0.12,NQNX,12544
FOXO,20250717 09:44:53.807000,1371072,700,1428041,0.12,NQNX,12544
FOXO,20250717 09:44:54.217000,1371528,800,1428841,0.12,NQNX,12544
FOXO,20250717 09:45:00.928000,1375771,11000,1439841,0.12,NQNX,12544
FOXO,20250717 09:45:03.185000,1378321,1500,1441341,0.12,NTRF,12544
FOXO,20250717 09:45:05.164000,1380619,800,1442141,0.12,NQNX,12544
FOXO,20250717 09:45:06.980000,1382599,1,1442142,0.12,NQNX,12659
FOXO,20250717 09:45:07.232000,1382758,900,1443042,0.12,NQNX,12544
FOXO,20250717 09:45:07.696000,1383034,1,1443043,0.12,NQNX,12659
FOXO,20250717 09:45:11.471000,1385997,2000,1445043,0.12,NTRF,12544
FOXO,20250717 09:45:11.474000,1385999,2000,1447043,0.12,NTRF,12544
FOXO,20250717 09:45:14.648000,1388747,206,1447249,0.12,NQNX,12544
FOXO,20250717 09:45:16.339000,1390553,2,1447251,0.12,NQNX,12659
FOXO,20250717 09:45:22.051000,1394472,1000,1448251,0.12,NQNX,12544
FOXO,20250717 09:45:23.359000,1395369,2,1448253,0.12,NQNX,12659
FOXO,20250717 09:45:24.799000,1396977,1000,1449253,0.12,NQNX,12544
FOXO,20250717 09:45:25.940000,1398599,4,1449257,0.12,NQNX,12659
FOXO,20250717 09:45:47.096000,1413842,1100,1450357,0.12,NQNX,12544
FOXO,20250717 09:45:49.463000,1415677,1000,1451357,0.12,NQNX,12544
FOXO,20250717 09:45:49.470000,1415683,1100,1452457,0.12,NQNX,12544
FOXO,20250717 09:45:52.734000,1418272,2000,1454457,0.12,NTRF,12544
FOXO,20250717 09:45:52.862000,1418365,2,1454459,0.12,NQNX,12659
FOXO,20250717 09:45:53.184000,1418611,10,1454469,0.12,NQNX,12659
FOXO,20250717 09:45:54.629000,1419483,200,1454969,0.12,IEX,12544
FOXO,20250717 09:45:54.629000,1419482,300,1454769,0.12,IEX,12544
FOXO,20250717 09:45:54.647000,1419490,500,1455469,0.12,NQNX,12544
FOXO,20250717 09:45:58.646000,1421614,200,1455869,0.12,IEX,12544
FOXO,20250717 09:45:58.646000,1421611,200,1455669,0.12,IEX,12544
FOXO,20250717 09:45:58.657000,1421618,2100,1457969,0.12,NQNX,12544
FOXO,20250717 09:46:04.635000,1427200,3000,1460969,0.12,MEMX,12639
FOXO,20250717 09:46:06.175000,1428280,252,1461221,0.12,NQNX,12544
FOXO,20250717 09:46:27.294000,1446684,1000,1462221,0.12,NQNX,12544
FOXO,20250717 09:46:28.555000,1447563,12763,1509221,0.12,NQNX,12544
FOXO,20250717 09:46:28.555000,1447562,27239,1496458,0.12,NQNX,12544
FOXO,20250717 09:46:28.555000,1447561,6998,1469219,0.12,NQNX,12544
FOXO,20250717 09:46:30.801000,1449125,300,1509521,0.12,NQEX,12544
FOXO,20250717 09:46:30.801000,1449128,600,1510121,0.12,NQEX,12544
FOXO,20250717 09:46:30.802000,1449129,1100,1511221,0.12,NQEX,12544
FOXO,20250717 09:46:34.195000,1451488,10,1511381,0.12,PACF,12659
FOXO,20250717 09:46:34.195000,1451487,150,1511371,0.12,PACF,12544
FOXO,20250717 09:46:34.196000,1451489,1200,1512581,0.12,MEMX,12544
FOXO,20250717 09:46:34.597000,1451783,500,1513081,0.12,NQEX,12544
FOXO,20250717 09:46:34.597000,1451784,4500,1517581,0.12,NQEX,12544
FOXO,20250717 09:46:34.600000,1451785,200,1517781,0.12,NQNX,12544
FOXO,20250717 09:46:34.601000,1451787,200,1519581,0.12,NQNX,12544
FOXO,20250717 09:46:34.601000,1451788,1200,1520781,0.12,NQNX,12544
FOXO,20250717 09:46:34.601000,1451786,1600,1519381,0.12,NQNX,12544
FOXO,20250717 09:46:34.601000,1451789,300,1521081,0.12,NQNX,12544
FOXO,20250717 09:46:34.604000,1451790,8500,1529581,0.12,NQNX,12544
FOXO,20250717 09:46:35.192000,1452129,1400,1530981,0.12,NQNX,12544
FOXO,20250717 09:46:35.192000,1452131,1400,1532381,0.12,NQNX,12544
FOXO,20250717 09:46:36.199000,1452705,100,1532481,0.12,NQNX,12544
FOXO,20250717 09:46:37.287000,1453556,100,1532581,0.12,NQNX,12544
FOXO,20250717 09:46:39.681000,1456033,100,1532681,0.12,NQNX,12544
FOXO,20250717 09:46:39.853000,1456146,400,1533081,0.12,NQNX,12544
FOXO,20250717 09:46:40.882000,1457048,100,1533181,0.12,NQNX,12544
FOXO,20250717 09:46:43.292000,1458707,200,1533381,0.12,NQNX,12544
FOXO,20250717 09:46:45.640000,1459957,160,1533541,0.12,NQNX,12544
FOXO,20250717 09:46:46.658000,1460403,100,1533641,0.12,NQNX,12544
FOXO,20250717 09:46:47.472000,1461124,1500,1535141,0.12,NTRF,12544
FOXO,20250717 09:46:50.278000,1462648,1500,1536641,0.12,NQNX,12544
FOXO,20250717 09:46:54.098000,1465864,8900,1545641,0.12,MEMX,12639
FOXO,20250717 09:46:54.098000,1465862,100,1536741,0.12,PACF,12544
FOXO,20250717 09:46:54.645000,1466069,1111,1546752,0.12,NQNX,12544
FOXO,20250717 09:46:55.001000,1466225,500,1547252,0.12,NQNX,12544
FOXO,20250717 09:46:57.470000,1467686,200,1547452,0.12,NQNX,12544
FOXO,20250717 09:47:01.101000,1470582,764,1548216,0.12,MEMX,12544
FOXO,20250717 09:47:03.524000,1472527,4819,1553035,0.12,NTRF,12544
FOXO,20250717 09:47:06.348000,1473923,100,1553135,0.12,NTRF,12544
FOXO,20250717 09:47:06.688000,1474138,600,1553735,0.12,NQNX,12544
FOXO,20250717 09:47:06.689000,1474139,600,1554335,0.12,NQNX,12544
FOXO,20250717 09:47:06.689000,1474142,800,1555135,0.12,NQNX,12544
FOXO,20250717 09:47:07.511000,1474554,732,1555867,0.12,NQNX,12544
FOXO,20250717 09:47:12.728000,1477678,1200,1557067,0.12,NTRF,12544
FOXO,20250717 09:47:13.911000,1478528,226,1557293,0.12,NQNX,12544
FOXO,20250717 09:47:15.814000,1479863,4002,1561295,0.12,NQNX,12544
FOXO,20250717 09:47:21.744000,1482661,200,1561495,0.12,NQNX,12544
FOXO,20250717 09:47:26.887000,1485684,1000,1562495,0.12,NQNX,12544
FOXO,20250717 09:47:26.889000,1485688,1,1562496,0.12,PACF,12659
FOXO,20250717 09:47:32.373000,1489047,600,1563096,0.12,NQNX,12544
FOXO,20250717 09:47:32.374000,1489048,13412,1576508,0.12,NQNX,12544
FOXO,20250717 09:47:32.375000,1489049,35672,1612180,0.12,NQNX,12544
FOXO,20250717 09:47:32.375000,1489050,50316,1662496,0.12,NQNX,12544
FOXO,20250717 09:47:33.156000,1489392,900,1663396,0.12,NQNX,12544
FOXO,20250717 09:47:33.365000,1489553,1600,1664996,0.12,NQNX,12544
FOXO,20250717 09:47:43.449000,1495574,2000,1666996,0.12,NTRF,12544
FOXO,20250717 09:47:43.784000,1495797,1700,1668696,0.12,PACF,12544
FOXO,20250717 09:47:44.424000,1496081,1000,1669696,0.12,PACF,12639
FOXO,20250717 09:47:44.425000,1496082,100,1669796,0.12,NQNX,12544
FOXO,20250717 09:47:44.426000,1496085,100,1670096,0.12,NQNX,12544
FOXO,20250717 09:47:44.426000,1496084,100,1669996,0.12,NQNX,12544
FOXO,20250717 09:47:44.426000,1496083,100,1669896,0.12,NQNX,12544
FOXO,20250717 09:47:44.427000,1496086,100,1670196,0.12,NQNX,12544
FOXO,20250717 09:47:44.853000,1496617,100,1670296,0.12,NQNX,12544
FOXO,20250717 09:47:48.490000,1498996,369,1670665,0.12,NQNX,12544
FOXO,20250717 09:47:52.136000,1501894,2000,1672665,0.12,MEMX,12544
FOXO,20250717 09:47:52.633000,1502158,20,1672685,0.12,NQNX,12659
FOXO,20250717 09:47:55.098000,1503927,100,1672785,0.12,PACF,12544
FOXO,20250717 09:47:55.916000,1504240,1,1672786,0.12,NQNX,12659
FOXO,20250717 09:47:56.146000,1504328,300,1673086,0.12,NQNX,12544
FOXO,20250717 09:47:56.147000,1504329,600,1673686,0.12,NQNX,12544
FOXO,20250717 09:47:56.147000,1504330,600,1674286,0.12,NQNX,12544
FOXO,20250717 09:48:00.174000,1506738,1700,1675986,0.12,PACF,12544
FOXO,20250717 09:48:00.339000,1506826,10,1675996,0.12,NQNX,12659
FOXO,20250717 09:48:02.596000,1508852,25000,1700996,0.12,PACF,12544
FOXO,20250717 09:48:03.513000,1509746,300,1701296,0.12,NQNX,12544
FOXO,20250717 09:48:04.064000,1509993,75,1701371,0.12,NQNX,12659
FOXO,20250717 09:48:04.632000,1510704,100,1701471,0.12,NQNX,12544
FOXO,20250717 09:48:05.399000,1511743,1236,1702707,0.12,MEMX,12544
FOXO,20250717 09:48:05.399000,1511744,600,1703307,0.12,MEMX,12544
FOXO,20250717 09:48:05.400000,1511745,1700,1705007,0.12,NQEX,12544
FOXO,20250717 09:48:05.400000,1511746,1312,1706319,0.12,NQEX,12544
FOXO,20250717 09:48:05.505000,1511781,100,1706419,0.12,NTRF,12544
FOXO,20250717 09:48:08.494000,1513814,600,1709519,0.12,NQNX,12544
FOXO,20250717 09:48:08.494000,1513813,600,1708919,0.12,NQNX,12544
FOXO,20250717 09:48:08.494000,1513811,700,1708219,0.12,NQNX,12544
FOXO,20250717 09:48:08.494000,1513810,100,1707519,0.12,NQNX,12544
FOXO,20250717 09:48:08.494000,1513809,500,1707419,0.12,NQNX,12544
FOXO,20250717 09:48:08.494000,1513808,500,1706919,0.12,NQNX,12544
FOXO,20250717 09:48:08.494000,1513812,100,1708319,0.12,NQNX,12544
FOXO,20250717 09:48:08.495000,1513815,100,1709619,0.12,NQNX,12544
FOXO,20250717 09:48:08.499000,1513817,1400,1711019,0.12,NTRF,12544
FOXO,20250717 09:48:08.554000,1513835,400,1711419,0.12,NQNX,12544
FOXO,20250717 09:48:11.397000,1515778,200,1711619,0.12,NQNX,12544
FOXO,20250717 09:48:13.217000,1516778,200,1711819,0.12,NQNX,12544
FOXO,20250717 09:48:13.672000,1517479,200,1712019,0.12,NQNX,12544
FOXO,20250717 09:48:19.246000,1521126,2000,1714019,0.12,NQNX,12544
FOXO,20250717 09:48:19.523000,1521301,1500,1715519,0.12,NQNX,12544
FOXO,20250717 09:48:19.524000,1521302,100,1715619,0.12,NQNX,12544
FOXO,20250717 09:48:19.525000,1521303,9100,1724719,0.12,NQNX,12544
FOXO,20250717 09:48:19.526000,1521305,1200,1735019,0.12,NQNX,12544
FOXO,20250717 09:48:19.526000,1521304,9100,1733819,0.12,NQNX,12544
FOXO,20250717 09:48:19.529000,1521307,4200,1739219,0.12,NQNX,12544
FOXO,20250717 09:48:19.531000,1521308,4200,1743419,0.12,NQNX,12544
FOXO,20250717 09:48:19.533000,1521309,4200,1747619,0.12,NQNX,12544
FOXO,20250717 09:48:19.535000,1521310,3400,1751019,0.12,NTRF,12544
FOXO,20250717 09:48:19.693000,1521361,1500,1752519,0.12,NQNX,12544
FOXO,20250717 09:48:19.791000,1521413,1500,1754019,0.12,NQNX,12544
FOXO,20250717 09:48:29.886000,1527680,1800,1755819,0.12,PACF,12544
FOXO,20250717 09:48:31.496000,1528542,1096,1756915,0.12,NQNX,12544
FOXO,20250717 09:48:34.134000,1529852,290,1757205,0.12,PACF,12544
FOXO,20250717 09:48:34.371000,1530060,300,1757505,0.12,PACF,12544
FOXO,20250717 09:48:34.372000,1530064,300,1758405,0.12,NQNX,12544
FOXO,20250717 09:48:34.372000,1530065,300,1758705,0.12,NQNX,12544
FOXO,20250717 09:48:34.372000,1530067,300,1759005,0.12,NQNX,12544
FOXO,20250717 09:48:34.372000,1530062,300,1757805,0.12,NQNX,12544
FOXO,20250717 09:48:34.372000,1530063,300,1758105,0.12,NQNX,12544
FOXO,20250717 09:48:34.374000,1530073,600,1761405,0.12,NQNX,12544
FOXO,20250717 09:48:34.374000,1530069,600,1759605,0.12,PACF,12544
FOXO,20250717 09:48:34.374000,1530071,600,1760205,0.12,NQNX,12544
FOXO,20250717 09:48:34.374000,1530072,600,1760805,0.12,NQNX,12544
FOXO,20250717 09:48:34.374000,1530075,600,1762005,0.12,NQNX,12544
FOXO,20250717 09:48:34.375000,1530077,200,1762605,0.12,NQNX,12544
FOXO,20250717 09:48:34.375000,1530076,400,1762405,0.12,NQNX,12544
FOXO,20250717 09:48:34.375000,1530078,400,1763005,0.12,NQNX,12544
FOXO,20250717 09:48:34.376000,1530080,600,1763941,0.12,NQNX,12544
FOXO,20250717 09:48:34.376000,1530079,336,1763341,0.12,NQNX,12544
FOXO,20250717 09:48:34.378000,1530081,600,1764541,0.12,NQNX,12544
FOXO,20250717 09:48:36.197000,1531025,200,1764741,0.12,NQNX,12544
FOXO,20250717 09:48:39.846000,1532772,2300,1767041,0.12,PACF,12544
FOXO,20250717 09:48:41.912000,1535197,25,1767066,0.12,NQNX,12659
FOXO,20250717 09:48:46.638000,1538326,1700,1768766,0.12,PACF,12544
FOXO,20250717 09:48:46.861000,1538459,100,1768866,0.12,NQNX,12544
FOXO,20250717 09:48:47.065000,1538739,100,1768966,0.12,MEMX,12639
FOXO,20250717 09:48:49.074000,1539734,100,1769066,0.12,NQNX,12544
FOXO,20250717 09:48:54.536000,1542305,1,1769067,0.12,NQNX,12659
FOXO,20250717 09:48:54.545000,1542310,31,1769098,0.12,NQNX,12659
FOXO,20250717 09:49:03.096000,1548624,1000,1770098,0.12,PACF,12544
FOXO,20250717 09:49:03.096000,1548625,112,1770210,0.12,PACF,12544
FOXO,20250717 09:49:04.114000,1549421,6753,1776963,0.12,NQNX,12544
FOXO,20250717 09:49:04.115000,1549422,1000,1777963,0.12,NQNX,12544
FOXO,20250717 09:49:04.115000,1549425,200,1779063,0.12,NQNX,12544
FOXO,20250717 09:49:04.115000,1549426,1147,1780210,0.12,NQNX,12544
FOXO,20250717 09:49:04.115000,1549423,400,1778363,0.12,NQNX,12544
FOXO,20250717 09:49:04.115000,1549424,500,1778863,0.12,NQNX,12544
FOXO,20250717 09:49:04.117000,1549427,2900,1783110,0.12,NQNX,12544
FOXO,20250717 09:49:04.117000,1549428,1100,1784210,0.12,NQNX,12544
FOXO,20250717 09:49:04.118000,1549429,4000,1788210,0.12,NQNX,12544
FOXO,20250717 09:49:04.831000,1549779,1000,1789210,0.12,NQNX,12544
FOXO,20250717 09:49:06.253000,1550928,1600,1790810,0.12,MEMX,12544
FOXO,20250717 09:49:06.253000,1550930,1600,1792510,0.12,NQEX,12544
FOXO,20250717 09:49:06.253000,1550931,1700,1794210,0.12,NQEX,12544
FOXO,20250717 09:49:06.253000,1550929,100,1790910,0.12,NQEX,12544
FOXO,20250717 09:49:06.254000,1550932,200,1794410,0.12,MEMX,12544
FOXO,20250717 09:49:06.255000,1550933,1500,1795910,0.12,NQEX,12544
FOXO,20250717 09:49:06.256000,1550935,100,1797010,0.12,EDGX,12544
FOXO,20250717 09:49:06.256000,1550934,1000,1796910,0.12,EDGX,12544
FOXO,20250717 09:49:07.213000,1551727,897,1797907,0.12,NTRF,12544
FOXO,20250717 09:49:07.702000,1552211,8753,1808260,0.12,NQNX,12544
FOXO,20250717 09:49:07.702000,1552210,1600,1799507,0.12,NQNX,12544
FOXO,20250717 09:49:07.703000,1552212,7800,1816060,0.12,NQNX,12544
FOXO,20250717 09:49:07.704000,1552214,7800,1831660,0.12,NQNX,12544
FOXO,20250717 09:49:07.704000,1552213,7800,1823860,0.12,NQNX,12544
FOXO,20250717 09:49:08.758000,1553261,700,1833960,0.12,NQNX,12544
FOXO,20250717 09:49:08.758000,1553260,1600,1833260,0.12,NQNX,12544
FOXO,20250717 09:49:08.759000,1553266,300,1835760,0.12,NQNX,12544
FOXO,20250717 09:49:08.759000,1553265,1500,1835460,0.12,NQNX,12544
FOXO,20250717 09:49:08.761000,1553288,5900,1841660,0.12,NQNX,12544
FOXO,20250717 09:49:12.183000,1555604,10000,1851660,0.12,NQNX,12544
FOXO,20250717 09:49:13.321000,1556403,481,1852141,0.12,NTRF,12544
FOXO,20250717 09:49:15.304000,1558875,4800,1856941,0.12,NQNX,12544
FOXO,20250717 09:49:15.305000,1558877,5200,1862141,0.12,NQNX,12544
FOXO,20250717 09:49:15.599000,1559069,800,1862941,0.12,NQNX,12544
FOXO,20250717 09:49:16.934000,1560614,1500,1864441,0.12,NQNX,12544
FOXO,20250717 09:49:16.934000,1560615,1500,1865941,0.12,NQNX,12544
FOXO,20250717 09:49:16.935000,1560616,1400,1867341,0.12,NQNX,12544
FOXO,20250717 09:49:16.936000,1560617,2800,1870141,0.12,NQNX,12544
FOXO,20250717 09:49:16.937000,1560618,2800,1872941,0.12,NQNX,12544
FOXO,20250717 09:49:18.447000,1561730,10,1872951,0.12,NQNX,12659
FOXO,20250717 09:49:19.382000,1562237,300,1873551,0.12,EDGX,12544
FOXO,20250717 09:49:19.382000,1562238,300,1873851,0.12,BATS,12544
FOXO,20250717 09:49:19.382000,1562236,300,1873251,0.12,PACF,12544
FOXO,20250717 09:49:19.383000,1562239,300,1874151,0.12,NQEX,12544
FOXO,20250717 09:49:19.383000,1562241,300,1874751,0.12,NQNX,12544
FOXO,20250717 09:49:19.383000,1562240,300,1874451,0.12,NQNX,12544
FOXO,20250717 09:49:19.383000,1562243,300,1875351,0.12,IEX,12544
FOXO,20250717 09:49:19.383000,1562244,300,1875651,0.12,NQNX,12544
FOXO,20250717 09:49:19.383000,1562245,300,1875951,0.12,NQNX,12544
FOXO,20250717 09:49:19.383000,1562242,300,1875051,0.12,NQNX,12544
FOXO,20250717 09:49:19.389000,1562249,12000,1887951,0.12,NQNX,12544
FOXO,20250717 09:49:20.101000,1562739,300,1888251,0.12,PACF,12544
FOXO,20250717 09:49:20.101000,1562740,300,1888551,0.12,BATS,12544
FOXO,20250717 09:49:20.101000,1562741,300,1888851,0.12,EDGX,12544
FOXO,20250717 09:49:20.101000,1562742,300,1889151,0.12,NQEX,12544
FOXO,20250717 09:49:20.101000,1562743,300,1889451,0.12,NQNX,12544
FOXO,20250717 09:49:20.101000,1562745,300,1889751,0.12,NQNX,12544
FOXO,20250717 09:49:20.102000,1562758,600,1894851,0.12,NQNX,12544
FOXO,20250717 09:49:20.102000,1562757,600,1894251,0.12,NQNX,12544
FOXO,20250717 09:49:20.102000,1562754,600,1893651,0.12,NQEX,12544
FOXO,20250717 09:49:20.102000,1562753,300,1893051,0.12,NQNX,12544
FOXO,20250717 09:49:20.102000,1562760,600,1895451,0.12,IEX,12544
FOXO,20250717 09:49:20.102000,1562752,600,1892751,0.12,EDGX,12544
FOXO,20250717 09:49:20.102000,1562746,300,1890051,0.12,NQNX,12544
FOXO,20250717 09:49:20.102000,1562747,300,1890351,0.12,IEX,12544
FOXO,20250717 09:49:20.102000,1562748,300,1890651,0.12,NQNX,12544
FOXO,20250717 09:49:20.102000,1562749,300,1890951,0.12,NQNX,12544
FOXO,20250717 09:49:20.102000,1562750,600,1891551,0.12,PACF,12544
FOXO,20250717 09:49:20.102000,1562751,600,1892151,0.12,BATS,12544
FOXO,20250717 09:49:20.103000,1562772,300,1899251,0.12,IEX,12544
FOXO,20250717 09:49:20.103000,1562771,600,1898951,0.12,IEX,12544
FOXO,20250717 09:49:20.103000,1562769,100,1898351,0.12,IEX,12544
FOXO,20250717 09:49:20.103000,1562768,200,1898251,0.12,NQNX,12544
FOXO,20250717 09:49:20.103000,1562767,600,1898051,0.12,NQNX,12544
FOXO,20250717 09:49:20.103000,1562765,600,1897451,0.12,NQNX,12544
FOXO,20250717 09:49:20.103000,1562764,100,1896851,0.12,BATS,12544
FOXO,20250717 09:49:20.103000,1562763,100,1896751,0.12,PACF,12544
FOXO,20250717 09:49:20.103000,1562762,600,1896651,0.12,NQNX,12544
FOXO,20250717 09:49:20.103000,1562761,600,1896051,0.12,NQNX,12544
FOXO,20250717 09:49:20.104000,1562783,600,1899951,0.12,NQNX,12544
FOXO,20250717 09:49:20.104000,1562782,100,1899351,0.12,NQNX,12544
FOXO,20250717 09:49:20.105000,1562785,1200,1901751,0.12,NQNX,12544
FOXO,20250717 09:49:20.105000,1562784,600,1900551,0.12,NQNX,12544
FOXO,20250717 09:49:20.107000,1562786,1200,1902951,0.12,NQNX,12544
FOXO,20250717 09:49:21.078000,1563522,1900,1905651,0.12,NQNX,12544
FOXO,20250717 09:49:21.078000,1563521,800,1903751,0.12,NQNX,12544
FOXO,20250717 09:49:21.078000,1563523,1600,1907251,0.12,NQNX,12544
FOXO,20250717 09:49:21.079000,1563524,700,1907951,0.12,NQNX,12544
FOXO,20250717 09:49:21.080000,1563525,1000,1908951,0.12,NQNX,12544
FOXO,20250717 09:49:21.081000,1563526,1000,1909951,0.12,NQNX,12544
FOXO,20250717 09:49:21.084000,1563527,8000,1917951,0.12,NQNX,12544
FOXO,20250717 09:49:23.539000,1565372,300,1918251,0.12,NQNX,12544
FOXO,20250717 09:49:24.525000,1565915,471,1918722,0.12,NQNX,12544
FOXO,20250717 09:49:24.527000,1565916,500,1919222,0.12,MEMX,12544
FOXO,20250717 09:49:25.823000,1566771,100,1919322,0.12,NQNX,12544
FOXO,20250717 09:49:27.392000,1567738,2000,1921322,0.12,NQNX,12544
FOXO,20250717 09:49:29.374000,1569072,1900,1923222,0.12,NQNX,12544
FOXO,20250717 09:49:30.060000,1569368,2,1923224,0.12,NQNX,12659
FOXO,20250717 09:49:30.705000,1569716,200,1923424,0.12,NQNX,12544
FOXO,20250717 09:49:34.805000,1572467,10,1923434,0.12,NQNX,12659
FOXO,20250717 09:49:35.621000,1572892,2600,1926034,0.12,NQNX,12544
FOXO,20250717 09:49:41.879000,1577872,1600,1927634,0.12,NQNX,12544
FOXO,20250717 09:49:41.879000,1577873,200,1927834,0.12,NQNX,12544
FOXO,20250717 09:49:46.194000,1581220,5,1927839,0.12,NQNX,12659
FOXO,20250717 09:49:59.454000,1588778,50,1927889,0.12,NQNX,12659
FOXO,20250717 09:50:00.540000,1589896,454,1929943,0.12,NQNX,12544
FOXO,20250717 09:50:00.540000,1589895,1600,1929489,0.12,NQNX,12544
FOXO,20250717 09:50:00.543000,1589900,100,1930242,0.12,PACF,12544
FOXO,20250717 09:50:00.543000,1589899,199,1930142,0.12,EDGE,12544
FOXO,20250717 09:50:03.920000,1593371,725,1930967,0.12,NQNX,12544
FOXO,20250717 09:50:03.921000,1593372,25,1930992,0.12,NQNX,12659
FOXO,20250717 09:50:03.921000,1593374,25,1931042,0.12,NQNX,12659
FOXO,20250717 09:50:03.921000,1593373,25,1931017,0.12,NQNX,12659
FOXO,20250717 09:50:03.922000,1593375,1000,1932042,0.12,IEX,12544
FOXO,20250717 09:50:07.094000,1596454,50,1932092,0.12,NQNX,12659
FOXO,20250717 09:50:10.666000,1599299,50,1932142,0.12,NQNX,12659
FOXO,20250717 09:50:18.104000,1604215,700,1932842,0.12,NQNX,12544
FOXO,20250717 09:50:18.124000,1604220,2000,1934842,0.12,NQNX,12544
FOXO,20250717 09:50:26.835000,1610300,900,1935742,0.12,NQNX,12544
FOXO,20250717 09:50:26.836000,1610302,3065,1938807,0.12,NQNX,12544
FOXO,20250717 09:50:31.915000,1613007,100,1939907,0.12,EDGX,12544
FOXO,20250717 09:50:31.915000,1613006,1000,1939807,0.12,EDGX,12544
FOXO,20250717 09:50:37.198000,1616219,5000,1944907,0.12,NQNX,12544
FOXO,20250717 09:50:37.944000,1616600,1900,1946807,0.12,IEX,12544
FOXO,20250717 09:50:41.597000,1618639,2,1946809,0.12,NQNX,12659
FOXO,20250717 09:50:46.438000,1621693,5000,1951809,0.12,NQNX,12544
FOXO,20250717 09:50:46.998000,1621895,300,1952109,0.12,NQNX,12544
FOXO,20250717 09:50:47.460000,1622116,2600,1954709,0.12,NQNX,12544
FOXO,20250717 09:50:51.270000,1624418,5,1954714,0.12,NTRF,12659
FOXO,20250717 09:50:57.209000,1628377,9800,1964514,0.12,NQNX,12544
FOXO,20250717 09:50:57.482000,1628524,18200,1982714,0.12,NQNX,12544
FOXO,20250717 09:50:57.558000,1628552,1900,1984624,0.12,PACF,12544
FOXO,20250717 09:50:57.558000,1628551,10,1982724,0.12,PACF,12659
FOXO,20250717 09:50:57.558000,1628553,1490,1986114,0.12,PACF,12639
FOXO,20250717 09:50:57.558000,1628564,500,1986614,0.12,MEMX,12639
FOXO,20250717 09:50:57.559000,1628567,7100,1993714,0.12,IEX,12544
FOXO,20250717 09:51:01.320000,1631559,350,1994064,0.12,NTRF,12544
FOXO,20250717 09:51:11.777000,1640855,15000,2009064,0.12,NQNX,12544
FOXO,20250717 09:51:26.720000,1652601,500,2009564,0.12,NTRF,12544
FOXO,20250717 09:51:29.178000,1654416,262,2009826,0.12,NQNX,12544
FOXO,20250717 09:51:29.181000,1654417,200,2010026,0.12,AMEX,12544
FOXO,20250717 09:51:29.182000,1654418,500,2010526,0.12,EDGX,12544
FOXO,20250717 09:51:30.023000,1654946,3,2010529,0.12,NQNX,12659
FOXO,20250717 09:51:40.634000,1661355,100,2011629,0.12,AMEX,12544
FOXO,20250717 09:51:40.634000,1661354,1000,2011529,0.12,EDGX,12544
FOXO,20250717 09:51:44.710000,1663856,1445,2013074,0.12,NQNX,12544
FOXO,20250717 09:51:47.789000,1665609,100,2013174,0.12,AMEX,12639
FOXO,20250717 09:51:54.331000,1669021,2300,2015474,0.12,NQNX,12544
FOXO,20250717 09:51:55.864000,1669498,1,2015475,0.12,NQNX,12659
FOXO,20250717 09:51:57.461000,1670648,100,2015575,0.12,NTRF,12544
FOXO,20250717 09:51:58.653000,1671214,100,2015875,0.12,EDGX,12544
FOXO,20250717 09:51:58.653000,1671215,1700,2017575,0.12,PACF,12544
FOXO,20250717 09:51:58.653000,1671213,200,2015775,0.12,PACF,12544
FOXO,20250717 09:52:09.553000,1679220,1100,2018675,0.12,PACF,12544
