SymbolId,TradeTime,Index,Size,TotalVolume,Price,ReportingExchange,TradeCondition
RIG,20250717 04:00:01.917000,1264,10,10,2.57,EDGX,12545
RIG,20250717 04:01:05.218000,3690,1,11,2.54,PACF,12545
RIG,20250717 04:01:14.288000,4025,30,41,2.61,EDGX,12545
RIG,20250717 04:15:25.020000,28486,4,50,2.61,NQEX,12545
RIG,20250717 04:15:25.020000,28485,1,46,2.61,NQEX,12545
RIG,20250717 04:15:25.020000,28484,4,45,2.61,NQEX,12545
RIG,20250717 04:15:25.020000,28489,389,441,2.61,NQEX,12545
RIG,20250717 04:15:25.020000,28488,1,52,2.61,NQEX,12545
RIG,20250717 04:15:25.020000,28487,1,51,2.61,NQEX,12545
RIG,20250717 04:19:30.803000,33328,32,473,2.57,NQEX,12545
RIG,20250717 04:27:12.526000,40670,978,1451,2.57,NQEX,12545
RIG,20250717 05:05:48.724000,70184,50,1501,2.59,PACF,12545
RIG,20250717 06:48:08.638000,137271,20,2221,2.57,PACF,12545
RIG,20250717 06:48:08.638000,137269,500,2001,2.58,PACF,12545
RIG,20250717 06:48:08.638000,137270,200,2201,2.57,PACF,12545
RIG,20250717 06:48:08.638000,137273,311,2551,2.57,PACF,12545
RIG,20250717 06:48:08.638000,137272,19,2240,2.57,PACF,12545
RIG,20250717 07:00:24.050000,154492,40,2591,2.58,EDGX,12545
RIG,20250717 07:03:45.933000,160440,60,2651,2.57,MEMX,12545
RIG,20250717 07:05:09.075000,162311,300,5771,2.54,NQEX,12545
RIG,20250717 07:05:09.075000,162310,100,5471,2.54,NQEX,12545
RIG,20250717 07:05:09.075000,162331,3,14263,2.54,EDGX,12545
RIG,20250717 07:05:09.075000,162308,22,4771,2.57,NQEX,12545
RIG,20250717 07:05:09.075000,162307,500,4749,2.54,PACF,12545
RIG,20250717 07:05:09.075000,162306,200,4249,2.54,PACF,12545
RIG,20250717 07:05:09.075000,162329,200,11260,2.54,EDGX,12545
RIG,20250717 07:05:09.075000,162301,189,2840,2.57,PACF,12545
RIG,20250717 07:05:09.075000,162304,500,3950,2.56,PACF,12545
RIG,20250717 07:05:09.075000,162303,600,3450,2.56,PACF,12545
RIG,20250717 07:05:09.075000,162328,10,11060,2.54,EDGX,12545
RIG,20250717 07:05:09.075000,162302,10,2850,2.57,PACF,12545
RIG,20250717 07:05:09.075000,162305,99,4049,2.54,PACF,12545
RIG,20250717 07:05:09.075000,162312,1,5772,2.54,NQEX,12545
RIG,20250717 07:05:09.075000,162313,20,5792,2.54,NQEX,12545
RIG,20250717 07:05:09.075000,162322,1,9345,2.56,EDGX,12545
RIG,20250717 07:05:09.075000,162309,600,5371,2.56,NQEX,12545
RIG,20250717 07:05:09.075000,162321,1,9344,2.56,EDGX,12545
RIG,20250717 07:05:09.075000,162320,10,9343,2.56,EDGX,12545
RIG,20250717 07:05:09.075000,162323,600,9945,2.56,EDGX,12545
RIG,20250717 07:05:09.075000,162319,1,9333,2.56,EDGX,12545
RIG,20250717 07:05:09.075000,162324,5,9950,2.54,EDGX,12545
RIG,20250717 07:05:09.075000,162318,500,9332,2.57,EDGX,12545
RIG,20250717 07:05:09.075000,162317,600,8832,2.56,BATS,12545
RIG,20250717 07:05:09.075000,162325,100,10050,2.54,EDGX,12545
RIG,20250717 07:05:09.075000,162316,1500,8232,2.54,NQEX,12545
RIG,20250717 07:05:09.075000,162315,100,6732,2.54,NQEX,12545
RIG,20250717 07:05:09.075000,162326,500,10550,2.54,EDGX,12545
RIG,20250717 07:05:09.075000,162327,500,11050,2.54,EDGX,12545
RIG,20250717 07:05:09.075000,162314,840,6632,2.57,MEMX,12545
RIG,20250717 07:05:09.075000,162330,3000,14260,2.54,EDGX,12545
RIG,20250717 07:05:09.078000,162332,1500,15763,2.54,EDGX,12545
RIG,20250717 07:05:09.079000,162333,1500,17263,2.54,BATS,12545
RIG,20250717 07:36:36.836000,190629,3,17266,2.54,PACF,12545
RIG,20250717 08:00:00.140000,214247,100,17366,2.54,NQNX,12545
RIG,20250717 08:00:00.330000,217153,500,17866,2.54,NQNX,12545
RIG,20250717 08:00:00.446000,217888,100,17966,2.58,NTRF,12545
RIG,20250717 08:00:00.450000,217914,100,18066,2.58,NTRF,12545
RIG,20250717 08:00:00.481000,218136,1,18067,2.54,NQNX,12545
RIG,20250717 08:00:00.513000,218348,5,18072,2.54,NTRF,12545
RIG,20250717 08:00:00.700000,219576,100,18172,2.57,NQNX,12545
RIG,20250717 08:00:00.873000,220585,500,18672,2.54,NQNX,12545
RIG,20250717 08:00:01.409000,224686,1,18673,2.54,NQNX,12545
RIG,20250717 08:00:01.454000,225010,100,18773,2.57,NQNX,12545
RIG,20250717 08:00:01.604000,226107,115,18888,2.54,NQNX,12545
RIG,20250717 08:00:01.644000,226426,150,19038,2.54,NTRF,12545
RIG,20250717 08:00:01.759000,227402,30,19068,2.54,NQNX,12545
RIG,20250717 08:00:01.786000,227572,10500,29568,2.54,NQNX,12545
RIG,20250717 08:00:01.815000,227774,78,29646,2.54,NQNX,12545
RIG,20250717 08:00:02.006000,228668,1250,30896,2.54,NQNX,12545
RIG,20250717 08:00:03.098000,232159,150,31046,2.54,NQNX,12545
RIG,20250717 08:00:03.247000,232689,124,31170,2.54,NQNX,12545
RIG,20250717 08:00:03.281000,232792,2000,33170,2.54,NQNX,12545
RIG,20250717 08:00:05.858000,239885,18,33188,2.54,NQNX,12545
RIG,20250717 08:00:06.984000,243777,40,33228,2.59,NQNX,12545
RIG,20250717 08:00:07.074000,244110,4,33232,2.54,NQNX,12545
RIG,20250717 08:00:07.148000,244306,235,33467,2.59,NQNX,12545
RIG,20250717 08:00:07.232000,244569,10,33477,2.54,NQNX,12545
RIG,20250717 08:00:07.237000,244589,100,33577,2.54,NQNX,12545
RIG,20250717 08:00:07.257000,244660,35,33612,2.54,NQNX,12545
RIG,20250717 08:00:07.263000,244676,8,33620,2.54,NQNX,12545
RIG,20250717 08:00:15.761000,257050,1000,34620,2.54,NQNX,12545
RIG,20250717 08:00:15.790000,257085,1000,35620,2.54,NQNX,12545
RIG,20250717 08:00:17.091000,258579,1000,36620,2.54,NQNX,12545
RIG,20250717 08:00:17.140000,258644,1000,37620,2.54,NQNX,12545
RIG,20250717 08:00:18.891000,260300,300,37920,2.54,NQNX,12545
RIG,20250717 08:00:19.061000,260448,1000,38920,2.54,NQNX,12545
RIG,20250717 08:00:19.340000,260672,1000,39920,2.54,NQNX,12545
RIG,20250717 08:00:20.840000,261978,2000,41920,2.54,NQNX,12545
RIG,20250717 08:00:21.684000,262845,50,41970,2.58,NQNX,12545
RIG,20250717 08:00:22.212000,263343,500,42470,2.54,NQNX,12545
RIG,20250717 08:00:46.740000,282602,7,42477,2.54,NQNX,12545
RIG,20250717 08:01:08.511000,285151,1,42478,2.54,NQNX,12545
RIG,20250717 08:01:14.513000,285674,1,42479,2.54,NQNX,12545
RIG,20250717 08:02:46.881000,291906,1,42480,2.54,NQNX,12545
RIG,20250717 08:03:45.786000,293698,2000,44480,2.54,NQNX,12545
RIG,20250717 08:07:17.568000,299524,9308,53788,2.54,NQNX,12545
RIG,20250717 08:09:00.532000,301936,200,53988,2.54,NQNX,12545
RIG,20250717 08:09:55.848000,303834,1,53989,2.54,NQNX,12545
RIG,20250717 08:10:37.434000,305134,100,54089,2.54,NQNX,12545
RIG,20250717 08:11:04.435000,305932,100,54189,2.54,NTRF,12545
RIG,20250717 08:11:06.150000,306012,10,54802,2.54,EDGX,12545
RIG,20250717 08:11:06.150000,306014,756,56378,2.54,NQEX,12545
RIG,20250717 08:11:06.150000,306015,144,56522,2.54,NQEX,12545
RIG,20250717 08:11:06.150000,306016,151,56673,2.54,NQEX,12545
RIG,20250717 08:11:06.150000,306013,820,55622,2.54,NQEX,12545
RIG,20250717 08:11:06.150000,306011,1,54792,2.54,MEMX,12545
RIG,20250717 08:11:06.150000,306009,600,54789,2.54,BATS,12545
RIG,20250717 08:11:06.150000,306010,2,54791,2.54,PACF,12545
RIG,20250717 08:11:30.854000,307063,1000,57673,2.54,NQNX,12545
RIG,20250717 08:11:32.153000,307129,720,58393,2.54,NQEX,12545
RIG,20250717 08:11:32.153000,307130,600,58993,2.54,NQEX,12545
RIG,20250717 08:11:32.153000,307131,597,59590,2.54,NQEX,12545
RIG,20250717 08:11:40.229000,307509,100,59690,2.54,NQNX,12545
RIG,20250717 08:11:45.160000,307868,2000,61690,2.54,NQNX,12545
RIG,20250717 08:11:52.684000,308754,100,61790,2.54,NQNX,12545
RIG,20250717 08:11:57.154000,309078,340,62130,2.54,NQEX,12545
RIG,20250717 08:12:04.829000,309519,100,62230,2.54,NQNX,12545
RIG,20250717 08:12:07.156000,309639,260,62490,2.54,NQEX,12545
RIG,20250717 08:12:15.637000,310200,100,62590,2.54,NQNX,12545
RIG,20250717 08:12:17.158000,310296,220,62810,2.54,NQEX,12545
RIG,20250717 08:12:28.160000,310959,160,62970,2.54,NQEX,12545
RIG,20250717 08:12:38.445000,311461,100,63070,2.54,NQNX,12545
RIG,20250717 08:12:40.162000,311550,20,63210,2.54,NQEX,12545
RIG,20250717 08:12:40.162000,311549,120,63190,2.54,NQEX,12545
RIG,20250717 08:12:51.164000,312216,100,63310,2.54,NQEX,12545
RIG,20250717 08:13:01.166000,312759,100,63410,2.54,NQEX,12545
RIG,20250717 08:13:04.654000,312921,100,63510,2.54,NQNX,12545
RIG,20250717 08:13:13.168000,313424,100,63610,2.54,NQEX,12545
RIG,20250717 08:13:23.169000,314205,100,63710,2.54,NQEX,12545
RIG,20250717 08:13:27.981000,314489,2000,65710,2.54,EDGX,12545
RIG,20250717 08:13:32.844000,314660,192,65902,2.56,NQNX,12545
RIG,20250717 08:15:48.093000,322151,300,66202,2.56,NQNX,12545
RIG,20250717 08:16:55.090000,325063,1000,67202,2.57,NQNX,12545
RIG,20250717 08:20:16.528000,334603,500,67702,2.56,NQNX,12545
RIG,20250717 08:25:59.789000,347944,150,67852,2.56,NQEX,12545
RIG,20250717 08:31:11.075000,360114,400,68252,2.6,NQNX,12545
RIG,20250717 08:31:27.376000,361313,6,68258,2.6,EDGX,12545
RIG,20250717 08:36:59.554000,374946,50,68308,2.6,NQNX,12545
RIG,20250717 08:38:13.299000,378491,4000,72308,2.6,NQNX,12545
RIG,20250717 08:39:30.468000,381077,20,72328,2.6,NQNX,12545
RIG,20250717 08:42:20.966000,390250,50,72378,2.58,NQNX,12545
RIG,20250717 08:42:22.707000,390320,2,72380,2.6,NTRF,12545
RIG,20250717 08:46:27.693000,401742,2,72382,2.57,NQNX,12545
RIG,20250717 08:50:13.439000,411933,100,72482,2.59,EDGX,12545
RIG,20250717 08:56:17.353000,428299,150,72632,2.59,NQNX,12545
RIG,20250717 08:56:26.001000,428841,600,73232,2.57,BATS,12545
RIG,20250717 08:56:26.002000,428843,32,74164,2.57,PACF,12545
RIG,20250717 08:56:26.002000,428842,900,74132,2.57,MEMX,12545
RIG,20250717 08:56:26.002000,428844,1000,75164,2.57,EDGX,12545
RIG,20250717 08:56:26.002000,428845,600,75764,2.57,EDGX,12545
RIG,20250717 08:56:26.002000,428846,600,76364,2.57,NQEX,12545
RIG,20250717 09:00:13.779000,438314,5,76369,2.57,PACF,12545
RIG,20250717 09:00:49.508000,439566,5,76374,2.57,NQNX,12545
RIG,20250717 09:05:58.628000,454296,1000,77374,2.56,EDGX,12545
RIG,20250717 09:05:58.628000,454298,50,77524,2.56,PACF,12545
RIG,20250717 09:05:58.628000,454297,100,77474,2.56,PACF,12545
RIG,20250717 09:05:58.628000,454299,5,77529,2.56,PACF,12545
RIG,20250717 09:05:58.628000,454300,55,77584,2.56,PACF,12545
RIG,20250717 09:05:58.628000,454301,2364,79948,2.56,PACF,12545
RIG,20250717 09:05:58.628000,454303,101,81630,2.56,EDGX,12545
RIG,20250717 09:05:58.628000,454302,1581,81529,2.56,PACF,12545
RIG,20250717 09:05:58.628000,454304,20,81650,2.56,BATS,12545
RIG,20250717 09:05:58.628000,454305,899,82549,2.56,EDGX,12545
RIG,20250717 09:05:58.628000,454306,380,82929,2.56,BATS,12545
RIG,20250717 09:06:34.008000,456173,2,82931,2.56,NQNX,12545
RIG,20250717 09:09:38.126000,465894,600,83531,2.56,EDGX,12545
RIG,20250717 09:09:38.126000,465895,1000,84531,2.54,PACF,12545
RIG,20250717 09:09:38.126000,465896,5000,89531,2.54,PACF,12545
RIG,20250717 09:09:38.126000,465897,100,89631,2.54,PACF,12545
RIG,20250717 09:09:38.126000,465898,19400,109031,2.56,EDGX,12545
RIG,20250717 09:09:38.126000,465899,20,109051,2.56,EDGX,12545
RIG,20250717 09:10:44.062000,469194,2,109053,2.56,NQEX,12545
RIG,20250717 09:11:28.470000,470919,20,109073,2.56,EDGX,12545
RIG,20250717 09:11:28.470000,470920,600,109673,2.56,EDGX,12545
RIG,20250717 09:11:30.189000,470990,2000,111673,2.56,NTRF,12545
RIG,20250717 09:12:52.283000,474913,1900,113573,2.55,EDGX,12545
RIG,20250717 09:12:52.283000,474921,600,117630,2.54,EDGX,12545
RIG,20250717 09:12:52.283000,474919,287,117010,2.55,EDGX,12545
RIG,20250717 09:12:52.283000,474920,20,117030,2.54,EDGX,12545
RIG,20250717 09:12:52.283000,474925,502,120130,2.54,PACF,12545
RIG,20250717 09:12:52.283000,474918,600,116723,2.54,NQEX,12545
RIG,20250717 09:12:52.283000,474914,600,114173,2.54,BATS,12545
RIG,20250717 09:12:52.283000,474915,50,114223,2.54,PACF,12545
RIG,20250717 09:12:52.283000,474916,600,114823,2.54,PACF,12545
RIG,20250717 09:12:52.283000,474924,1400,119628,2.54,PACF,12545
RIG,20250717 09:12:52.283000,474923,128,118228,2.54,PACF,12545
RIG,20250717 09:12:52.283000,474922,470,118100,2.54,PACF,12545
RIG,20250717 09:12:52.283000,474917,1300,116123,2.55,EDGX,12545
RIG,20250717 09:12:52.293000,474926,200,120330,2.54,NQEX,12545
RIG,20250717 09:12:54.574000,475034,75,124160,2.54,NQEX,12545
RIG,20250717 09:12:54.574000,475033,75,124085,2.54,BATS,12545
RIG,20250717 09:12:54.574000,475031,400,123910,2.54,BATS,12545
RIG,20250717 09:12:54.574000,475030,1700,123510,2.54,BATS,12545
RIG,20250717 09:12:54.574000,475029,1400,121810,2.54,BATS,12545
RIG,20250717 09:12:54.574000,475028,80,120410,2.54,EDGX,12545
RIG,20250717 09:12:54.574000,475032,100,124010,2.54,BATS,12545
RIG,20250717 09:12:54.574000,475035,75,124235,2.54,NQEX,12545
RIG,20250717 09:14:43.735000,481406,100,124335,2.55,NQNX,12545
RIG,20250717 09:14:45.883000,481495,1,124336,2.55,NQNX,12545
RIG,20250717 09:15:03.290000,482299,100,124436,2.55,NQNX,12545
RIG,20250717 09:15:20.771000,483465,100,124536,2.55,NQNX,12545
RIG,20250717 09:15:50.571000,485390,3000,127536,2.56,NQNX,12545
RIG,20250717 09:15:56.585000,485793,6,127542,2.54,NQNX,12545
RIG,20250717 09:18:21.897000,494137,1000,128542,2.55,NQNX,12545
RIG,20250717 09:20:14.707000,501091,314,128938,2.54,EDGX,12545
RIG,20250717 09:20:14.707000,501092,600,129538,2.54,BATS,12545
RIG,20250717 09:20:14.707000,501090,80,128624,2.54,EDGX,12545
RIG,20250717 09:20:14.707000,501089,2,128544,2.54,BATS,12545
RIG,20250717 09:20:14.707000,501093,4,129542,2.54,BATS,12545
RIG,20250717 09:20:49.881000,502847,15000,144542,2.55,NQNX,12545
RIG,20250717 09:21:20.340000,504695,100,145842,2.54,NQEX,12545
RIG,20250717 09:21:20.340000,504694,1200,145742,2.54,EDGX,12545
RIG,20250717 09:21:20.340000,504696,1700,147542,2.54,NQEX,12545
RIG,20250717 09:21:21.119000,504737,50,147592,2.56,NQNX,12545
RIG,20250717 09:21:21.684000,504749,900,148492,2.54,EDGX,12545
RIG,20250717 09:21:21.685000,504750,492,148984,2.54,NQEX,12545
RIG,20250717 09:21:22.910000,504810,900,149884,2.54,PACF,12545
RIG,20250717 09:21:22.910000,504811,900,150784,2.54,BATS,12545
RIG,20250717 09:21:22.910000,504812,900,151684,2.54,PACF,12545
RIG,20250717 09:21:23.011000,504813,2000,153684,2.54,PACF,12545
RIG,20250717 09:21:37.072000,505617,2,153886,2.54,BATS,12545
RIG,20250717 09:21:37.072000,505622,122,154561,2.54,PACF,12545
RIG,20250717 09:21:37.072000,505616,200,153884,2.54,BATS,12545
RIG,20250717 09:21:37.072000,505619,51,154237,2.54,EDGX,12545
RIG,20250717 09:21:37.072000,505620,200,154437,2.54,PACF,12545
RIG,20250717 09:21:37.072000,505618,300,154186,2.54,BATS,12545
RIG,20250717 09:21:37.072000,505621,2,154439,2.54,PACF,12545
RIG,20250717 09:21:37.072000,505626,2,154684,2.54,NQEX,12545
RIG,20250717 09:21:37.072000,505625,100,154682,2.54,NQEX,12545
RIG,20250717 09:21:37.072000,505624,2,154582,2.54,NQEX,12545
RIG,20250717 09:21:37.072000,505623,19,154580,2.54,NQEX,12545
RIG,20250717 09:21:41.604000,505813,13,154697,2.54,NQNX,12545
RIG,20250717 09:21:56.076000,506681,600,155297,2.54,BATS,12545
RIG,20250717 09:21:56.077000,506682,220,155517,2.54,NQEX,12545
RIG,20250717 09:22:10.078000,507280,169,155686,2.54,NQEX,12545
RIG,20250717 09:22:30.751000,508508,378,156315,2.54,PACF,12545
RIG,20250717 09:22:30.751000,508509,371,156686,2.54,PACF,12545
RIG,20250717 09:22:30.751000,508505,50,155736,2.54,EDGX,12545
RIG,20250717 09:22:30.751000,508507,200,155937,2.54,BATS,12545
RIG,20250717 09:22:30.751000,508506,1,155737,2.54,EDGX,12545
RIG,20250717 09:22:30.850000,508537,10,157425,2.54,MEMX,12545
RIG,20250717 09:22:30.850000,508536,200,157415,2.54,MEMX,12545
RIG,20250717 09:22:30.850000,508538,220,157645,2.54,NQEX,12545
RIG,20250717 09:22:30.850000,508535,529,157215,2.54,PACF,12545
RIG,20250717 09:22:36.807000,508769,80,157725,2.54,PACF,12545
RIG,20250717 09:23:17.402000,510885,14,157739,2.53,NQNX,12545
RIG,20250717 09:23:26.808000,511413,1,157740,2.54,PACF,12545
RIG,20250717 09:24:01.368000,513377,400,158740,2.53,EDGX,12545
RIG,20250717 09:24:01.368000,513376,600,158340,2.53,BATS,12545
RIG,20250717 09:24:01.637000,513404,3,158743,2.54,PACF,12545
RIG,20250717 09:24:08.995000,513773,2,158745,2.54,NQNX,12545
RIG,20250717 09:24:25.371000,514732,300,159045,2.54,PACF,12545
RIG,20250717 09:24:26.299000,514783,100,159145,2.52,NTRF,12545
RIG,20250717 09:24:46.373000,516327,24,159385,2.54,PACF,12545
RIG,20250717 09:24:46.373000,516326,216,159361,2.54,PACF,12545
RIG,20250717 09:26:28.639000,522868,1,159386,2.54,PACF,12545
RIG,20250717 09:26:56.589000,524744,500,159886,2.54,NQNX,12545
RIG,20250717 09:27:38.572000,528048,1,159887,2.54,PACF,12545
RIG,20250717 09:27:47.826000,528668,1,159888,2.54,PACF,12545
RIG,20250717 09:27:48.077000,528675,1400,167387,2.54,PACF,12545
RIG,20250717 09:27:48.077000,528673,100,159988,2.54,PACF,12545
RIG,20250717 09:27:48.077000,528674,5999,165987,2.54,PACF,12545
RIG,20250717 09:27:49.077000,528732,22,172176,2.52,PACF,12545
RIG,20250717 09:27:49.077000,528731,10,172154,2.52,PACF,12545
RIG,20250717 09:27:49.077000,528730,100,172144,2.52,PACF,12545
RIG,20250717 09:27:49.077000,528729,176,172044,2.52,PACF,12545
RIG,20250717 09:27:49.077000,528728,500,171868,2.52,PACF,12545
RIG,20250717 09:27:49.077000,528727,31,171368,2.52,PACF,12545
RIG,20250717 09:27:49.077000,528726,50,171337,2.52,PACF,12545
RIG,20250717 09:27:49.077000,528725,3900,171287,2.53,PACF,12545
RIG,20250717 09:27:49.078000,528733,11700,183876,2.52,PACF,12545
RIG,20250717 09:27:49.079000,528734,4500,188376,2.52,PACF,12545
RIG,20250717 09:27:49.079000,528735,75,188451,2.52,PACF,12545
RIG,20250717 09:27:49.079000,528737,75,188601,2.52,PACF,12545
RIG,20250717 09:27:49.079000,528736,75,188526,2.52,PACF,12545
RIG,20250717 09:27:49.079000,528744,75,189126,2.52,PACF,12545
RIG,20250717 09:27:49.079000,528738,75,188676,2.52,PACF,12545
RIG,20250717 09:27:49.079000,528742,75,188976,2.52,PACF,12545
RIG,20250717 09:27:49.079000,528743,75,189051,2.52,PACF,12545
RIG,20250717 09:27:49.079000,528741,75,188901,2.52,PACF,12545
RIG,20250717 09:27:49.079000,528740,75,188826,2.52,PACF,12545
RIG,20250717 09:27:49.079000,528739,75,188751,2.52,PACF,12545
RIG,20250717 09:27:49.083000,528746,700,189826,2.52,PACF,12545
RIG,20250717 09:27:49.083000,528747,4000,193826,2.52,PACF,12545
RIG,20250717 09:27:49.084000,528748,1800,195626,2.52,PACF,12545
RIG,20250717 09:27:49.085000,528750,2,195926,2.52,PACF,12545
RIG,20250717 09:27:49.085000,528749,298,195924,2.52,PACF,12545
RIG,20250717 09:27:49.086000,528752,500,196524,2.52,PACF,12545
RIG,20250717 09:27:49.086000,528751,98,196024,2.52,PACF,12545
RIG,20250717 09:27:49.086000,528753,100,196624,2.54,PACF,12545
RIG,20250717 09:29:26.800000,537889,1,196625,2.56,PACF,12545
RIG,20250717 09:29:38.777000,539620,1,196626,2.56,PACF,12545
RIG,20250717 09:30:00.648000,549914,1,196627,2.54,NQNX,12659
RIG,20250717 09:30:01.148000,565848,224686,645999,2.52,NYSE,12610
RIG,20250717 09:30:01.148000,565847,224686,421313,2.52,NYSE,12606
RIG,20250717 09:30:01.149000,565884,100,646099,2.53,PACF,12544
RIG,20250717 09:30:01.149000,565885,100,646199,2.53,PACF,12610
RIG,20250717 09:30:01.149000,565886,100,646299,2.53,EDGX,12544
RIG,20250717 09:30:01.149000,565892,100,646499,2.53,AMEX,12544
RIG,20250717 09:30:01.149000,565888,100,646399,2.53,BATY,12544
RIG,20250717 09:30:01.150000,565906,100,646799,2.53,PHIL,12544
RIG,20250717 09:30:01.150000,565895,100,646599,2.53,NQEX,12544
RIG,20250717 09:30:01.150000,565896,100,646699,2.53,NQEX,12610
RIG,20250717 09:30:01.153000,566075,400,648199,2.53,EDGX,12639
RIG,20250717 09:30:01.153000,566073,1000,647799,2.53,BATS,12639
RIG,20250717 09:30:01.205000,567563,100,648299,2.53,BATS,12544
RIG,20250717 09:30:01.205000,567564,100,648399,2.53,PACF,12544
RIG,20250717 09:30:01.205000,567565,100,648499,2.53,EDGX,12544
RIG,20250717 09:30:01.205000,567571,100,648599,2.53,NQNX,12544
RIG,20250717 09:30:01.206000,567578,100,648699,2.53,IEX,12544
RIG,20250717 09:30:01.206000,567586,40,648839,2.53,IEX,12659
RIG,20250717 09:30:01.206000,567583,100,648799,2.53,NQNX,12544
RIG,20250717 09:30:01.207000,567594,100,648939,2.53,NQNX,12544
RIG,20250717 09:30:01.264000,569354,387,652936,2.53,NQNX,12544
RIG,20250717 09:30:01.264000,569333,400,652149,2.54,BATS,12639
RIG,20250717 09:30:01.264000,569332,1000,651749,2.53,BATS,12639
RIG,20250717 09:30:01.264000,569334,400,652549,2.53,EDGX,12639
RIG,20250717 09:30:01.264000,569356,409,653345,2.53,NQNX,12544
RIG,20250717 09:30:01.264000,569329,400,649339,2.54,NQEX,12639
RIG,20250717 09:30:01.264000,569330,1400,650739,2.53,PACF,12639
RIG,20250717 09:30:01.264000,569331,10,650749,2.54,NYSE,12659
RIG,20250717 09:30:01.265000,569376,182,653527,2.53,EDGX,12639
RIG,20250717 09:30:01.321000,571451,200,653727,2.53,EDGX,12544
RIG,20250717 09:30:01.321000,571452,200,653927,2.53,PACF,12544
RIG,20250717 09:30:01.321000,571455,200,654127,2.53,AMEX,12544
RIG,20250717 09:30:01.322000,571465,300,654427,2.53,PACF,12544
RIG,20250717 09:30:01.322000,571467,200,654627,2.53,EDGX,12544
RIG,20250717 09:30:01.323000,571503,200,654927,2.53,EDGX,12544
RIG,20250717 09:30:01.323000,571489,100,654727,2.53,EDGX,12544
RIG,20250717 09:30:01.324000,571525,100,655027,2.53,IEX,12544
RIG,20250717 09:30:01.325000,571544,100,655127,2.53,IEX,12544
RIG,20250717 09:30:01.326000,571557,200,655327,2.53,IEX,12544
RIG,20250717 09:30:01.327000,571576,100,655427,2.53,IEX,12544
RIG,20250717 09:30:01.329000,571599,100,655527,2.53,IEX,12544
RIG,20250717 09:30:01.329000,571611,122,655649,2.53,NQNX,12544
RIG,20250717 09:30:01.333000,571754,100,655749,2.53,NQNX,12544
RIG,20250717 09:30:01.366000,572796,400,656149,2.53,EDGX,12639
RIG,20250717 09:30:01.366000,572804,10,656159,2.54,NYSE,12659
RIG,20250717 09:30:01.366000,572809,798,656957,2.53,BATS,12639
RIG,20250717 09:30:01.402000,573735,135,657092,2.52,NQNX,12640
RIG,20250717 09:30:01.421000,574473,258,657800,2.52,BTRF,12640
RIG,20250717 09:30:01.421000,574472,450,657542,2.52,BTRF,12640
RIG,20250717 09:30:01.421000,574475,165,657965,2.52,BTRF,12640
RIG,20250717 09:30:01.436000,574892,550,658515,2.53,NQNX,12544
RIG,20250717 09:30:02.008000,589384,10,658525,2.52,NQEX,12659
RIG,20250717 09:30:02.008000,589385,1,658526,2.52,NQEX,12659
RIG,20250717 09:30:02.008000,589387,72,658598,2.52,NQEX,12659
RIG,20250717 09:30:02.390000,604946,10,658608,2.52,NQEX,12659
RIG,20250717 09:30:02.392000,605047,1,658609,2.52,NQNX,12640
RIG,20250717 09:30:02.575000,611343,50,658659,2.53,NQNX,12659
RIG,20250717 09:30:02.867000,618215,1,658660,2.52,NQNX,12640
RIG,20250717 09:30:02.894000,618796,1,658661,2.52,NQNX,12640
RIG,20250717 09:30:02.917000,619263,51,658712,2.53,NQNX,12659
RIG,20250717 09:30:02.918000,619270,1,658713,2.53,NQNX,12640
RIG,20250717 09:30:03.112000,623364,1,658714,2.52,NQNX,12640
RIG,20250717 09:30:03.605000,632677,9,658723,2.53,NQNX,12659
RIG,20250717 09:30:03.606000,632689,1,658724,2.53,NQNX,12640
RIG,20250717 09:30:03.618000,632941,46,658770,2.53,NQNX,12659
RIG,20250717 09:30:03.880000,637634,37,658807,2.53,NQNX,12659
RIG,20250717 09:30:03.881000,637639,1,658808,2.53,NQNX,12640
RIG,20250717 09:30:03.882000,637666,15,658823,2.53,NQNX,12659
RIG,20250717 09:30:03.883000,637670,1,658824,2.53,NQNX,12640
RIG,20250717 09:30:04.025000,638946,1500,660324,2.53,NQNX,12544
RIG,20250717 09:30:04.201000,640576,100,660424,2.53,NQNX,12544
RIG,20250717 09:30:04.405000,642173,100,660524,2.53,PACF,12544
RIG,20250717 09:30:04.406000,642195,1430,661954,2.52,NQNX,12544
RIG,20250717 09:30:04.484000,642777,1030,662984,2.52,NQNX,12544
RIG,20250717 09:30:04.586000,643499,100,663084,2.54,NQNX,12544
RIG,20250717 09:30:04.675000,644023,20,663104,2.53,NQNX,12659
RIG,20250717 09:30:05.289000,648031,5,663109,2.52,NQNX,12659
RIG,20250717 09:30:05.539000,649665,1,663110,2.52,NQNX,12659
RIG,20250717 09:30:05.851000,652263,9,663119,2.53,NQNX,12659
RIG,20250717 09:30:06.242000,654410,100,663219,2.53,NQNX,12544
RIG,20250717 09:30:06.296000,654812,1,663220,2.53,NQNX,12659
RIG,20250717 09:30:06.424000,655805,1,663221,2.53,NQNX,12659
RIG,20250717 09:30:06.524000,656566,2,663223,2.53,NQNX,12659
RIG,20250717 09:30:06.526000,656577,4,663227,2.53,NQNX,12659
RIG,20250717 09:30:06.526000,656578,183,663410,2.53,NQNX,12544
RIG,20250717 09:30:06.639000,657212,131,663541,2.53,NQNX,12544
RIG,20250717 09:30:06.652000,657276,19,663560,2.53,NQNX,12659
RIG,20250717 09:30:06.656000,657375,5000,668560,2.54,NQNX,12544
RIG,20250717 09:30:06.702000,657762,4,668564,2.53,NQNX,12659
RIG,20250717 09:30:06.777000,658333,18,668582,2.52,NQNX,12659
RIG,20250717 09:30:07.356000,662300,2000,670582,2.54,NQNX,12544
RIG,20250717 09:30:10.233000,675947,3500,674082,2.54,NTRF,12544
RIG,20250717 09:30:10.285000,676494,1,674083,2.52,NQNX,12659
RIG,20250717 09:30:10.285000,676500,1,674084,2.52,NQNX,12659
RIG,20250717 09:30:10.286000,676507,1,674085,2.52,NQNX,12659
RIG,20250717 09:30:10.286000,676508,1,674086,2.52,NQNX,12659
RIG,20250717 09:30:10.457000,677759,1,674088,2.52,NQNX,12659
RIG,20250717 09:30:10.457000,677753,1,674087,2.52,NQNX,12659
RIG,20250717 09:30:10.665000,679384,1,674089,2.52,NQNX,12659
RIG,20250717 09:30:12.554000,689271,50,674139,2.53,NQNX,12659
RIG,20250717 09:30:19.783000,714754,6,674145,2.53,NQNX,12659
RIG,20250717 09:30:19.931000,715284,1,674146,2.52,NQNX,12659
RIG,20250717 09:30:19.932000,715286,1,674147,2.52,NQNX,12659
RIG,20250717 09:30:19.932000,715288,1,674148,2.52,NQNX,12659
RIG,20250717 09:30:19.983000,715411,1,674149,2.53,NQNX,12659
RIG,20250717 09:30:20.210000,716021,1,674150,2.52,NQNX,12659
RIG,20250717 09:30:20.211000,716045,1,674153,2.52,NQNX,12659
RIG,20250717 09:30:20.211000,716029,1,674151,2.53,NQNX,12659
RIG,20250717 09:30:20.211000,716041,1,674152,2.52,NQNX,12659
RIG,20250717 09:30:20.212000,716063,1,674154,2.52,NQNX,12659
RIG,20250717 09:30:22.816000,723281,1,674155,2.52,NQNX,12659
RIG,20250717 09:30:22.816000,723282,1,674156,2.52,NQNX,12659
RIG,20250717 09:30:22.816000,723284,1,674157,2.52,NQNX,12659
RIG,20250717 09:30:24.723000,728676,20,674177,2.53,NTRF,12659
RIG,20250717 09:30:25.045000,729185,100,674277,2.53,NQNX,12544
RIG,20250717 09:30:25.514000,731034,140,674417,2.54,PACF,12639
RIG,20250717 09:30:25.514000,731040,387,683432,2.54,NQEX,12639
RIG,20250717 09:30:25.514000,731041,163,683595,2.54,NQEX,12639
RIG,20250717 09:30:25.514000,731044,200,683795,2.54,IEX,12544
RIG,20250717 09:30:25.514000,731045,100,683895,2.54,IEX,12544
RIG,20250717 09:30:25.514000,731046,100,683995,2.54,IEX,12544
RIG,20250717 09:30:25.514000,731035,1400,675817,2.53,NYSE,12639
RIG,20250717 09:30:25.514000,731039,409,683045,2.54,NQEX,12639
RIG,20250717 09:30:25.514000,731038,37,682636,2.53,NQEX,12659
RIG,20250717 09:30:25.514000,731037,1400,682599,2.54,NYSE,12639
RIG,20250717 09:30:25.514000,731036,5382,681199,2.54,NYSE,12639
RIG,20250717 09:30:25.517000,731060,1400,685395,2.54,NQEX,12544
RIG,20250717 09:30:25.520000,731069,27,685425,2.54,NQNX,12659
RIG,20250717 09:30:25.520000,731068,3,685398,2.54,NQNX,12659
RIG,20250717 09:30:25.521000,731082,1400,688925,2.54,PACF,12544
RIG,20250717 09:30:25.521000,731081,2100,687525,2.54,NYSE,12544
RIG,20250717 09:30:25.522000,731118,1400,693125,2.54,NQEX,12544
RIG,20250717 09:30:25.522000,731102,1400,690325,2.54,EDGX,12544
RIG,20250717 09:30:25.522000,731103,1400,691725,2.54,BATS,12544
RIG,20250717 09:30:25.988000,732494,2704,700729,2.54,NQEX,12639
RIG,20250717 09:30:25.988000,732485,100,694237,2.54,BATS,12639
RIG,20250717 09:30:25.988000,732484,1012,694137,2.54,NYSE,12639
RIG,20250717 09:30:25.988000,732493,2296,698025,2.54,NQEX,12639
RIG,20250717 09:30:25.988000,732491,4,694729,2.54,NQEX,12659
RIG,20250717 09:30:25.988000,732490,50,694725,2.54,NQEX,12659
RIG,20250717 09:30:25.988000,732489,1,694675,2.54,NQEX,12659
RIG,20250717 09:30:25.988000,732488,37,694674,2.54,MEMX,12659
RIG,20250717 09:30:25.988000,732486,300,694537,2.54,BATS,12639
RIG,20250717 09:30:25.988000,732492,1000,695729,2.54,NQEX,12639
RIG,20250717 09:30:25.988000,732487,100,694637,2.54,MEMX,12639
RIG,20250717 09:30:26.083000,732646,3,700732,2.54,NQNX,12659
RIG,20250717 09:30:26.089000,732652,100,700832,2.54,NQNX,12544
RIG,20250717 09:30:26.603000,733631,400,704032,2.54,EDGX,12544
RIG,20250717 09:30:26.603000,733629,307,703232,2.54,NYSE,12639
RIG,20250717 09:30:26.603000,733630,400,703632,2.54,PACF,12639
RIG,20250717 09:30:26.603000,733628,2093,702925,2.54,NYSE,12544
RIG,20250717 09:30:26.604000,733632,300,704332,2.54,BATS,12544
RIG,20250717 09:30:26.604000,733636,34,708366,2.54,NQEX,12659
RIG,20250717 09:30:26.604000,733637,400,708766,2.54,NQEX,12639
RIG,20250717 09:30:26.604000,733638,100,708866,2.54,NQEX,12544
RIG,20250717 09:30:26.604000,733633,400,704732,2.54,BATS,12544
RIG,20250717 09:30:26.604000,733635,3500,708332,2.54,NQEX,12639
RIG,20250717 09:30:26.604000,733634,100,704832,2.54,BATS,12544
RIG,20250717 09:30:26.618000,733653,100,708966,2.54,NQNX,12544
RIG,20250717 09:30:26.640000,733695,6,708972,2.54,IEX,12659
RIG,20250717 09:30:26.641000,733696,5794,714766,2.54,IEX,12544
RIG,20250717 09:30:27.003000,734375,2093,716859,2.54,NQNX,12544
RIG,20250717 09:30:29.504000,740878,100,717259,2.54,NQEX,12544
RIG,20250717 09:30:29.504000,740877,300,717159,2.54,NQEX,12544
RIG,20250717 09:30:31.081000,745991,100,717359,2.54,NYSE,12544
RIG,20250717 09:30:39.878000,772750,100,717459,2.54,NYSE,12544
RIG,20250717 09:30:40.158000,773644,20,717479,2.54,NQNX,12659
RIG,20250717 09:30:41.019000,775694,500,717979,2.54,NQEX,12544
RIG,20250717 09:30:46.053000,786720,8000,725979,2.54,NQNX,12544
RIG,20250717 09:30:48.681000,791987,100,726079,2.54,NQNX,12544
RIG,20250717 09:30:57.084000,814136,50,726129,2.54,NTRF,12659
RIG,20250717 09:30:57.325000,814666,50,726179,2.54,NQNX,12659
RIG,20250717 09:30:57.483000,814808,200,726379,2.54,NQNX,12544
RIG,20250717 09:31:01.946000,827483,4,726383,2.54,NQNX,12659
RIG,20250717 09:31:02.197000,828820,300,726683,2.54,NTRF,12544
RIG,20250717 09:31:08.525000,849606,400,729483,2.54,EDGX,12639
RIG,20250717 09:31:08.525000,849605,200,729083,2.54,EDGX,12639
RIG,20250717 09:31:08.525000,849604,200,728883,2.54,EDGX,12639
RIG,20250717 09:31:08.525000,849618,200,731557,2.54,MEMX,12639
RIG,20250717 09:31:08.525000,849619,2400,733957,2.54,MEMX,12639
RIG,20250717 09:31:08.525000,849603,200,728683,2.54,PACF,12639
RIG,20250717 09:31:08.525000,849607,400,729883,2.54,BATS,12639
RIG,20250717 09:31:08.525000,849608,300,730183,2.54,BATS,12639
RIG,20250717 09:31:08.525000,849613,19,730630,2.54,BATS,12659
RIG,20250717 09:31:08.525000,849612,200,730611,2.54,EDGX,12639
RIG,20250717 09:31:08.525000,849630,194,748007,2.54,NQEX,12639
RIG,20250717 09:31:08.525000,849615,217,731047,2.54,BATS,12639
RIG,20250717 09:31:08.525000,849611,100,730411,2.54,BATS,12639
RIG,20250717 09:31:08.525000,849616,200,731247,2.54,BATS,12639
RIG,20250717 09:31:08.525000,849617,110,731357,2.54,NYSE,12639
RIG,20250717 09:31:08.525000,849610,28,730311,2.54,BATS,12659
RIG,20250717 09:31:08.525000,849609,100,730283,2.54,EDGX,12639
RIG,20250717 09:31:08.525000,849614,200,730830,2.54,BATS,12639
RIG,20250717 09:31:08.525000,849602,100,728483,2.54,PACF,12639
RIG,20250717 09:31:08.525000,849601,600,728383,2.54,PACF,12639
RIG,20250717 09:31:08.525000,849627,1614,744613,2.54,NQEX,12639
RIG,20250717 09:31:08.525000,849628,100,744713,2.54,NQEX,12639
RIG,20250717 09:31:08.525000,849629,3100,747813,2.54,IEX,12544
RIG,20250717 09:31:08.525000,849600,100,727783,2.54,PACF,12639
RIG,20250717 09:31:08.525000,849599,400,727683,2.54,PACF,12639
RIG,20250717 09:31:08.525000,849598,200,727283,2.54,PACF,12639
RIG,20250717 09:31:08.525000,849597,400,727083,2.54,PACF,12639
RIG,20250717 09:31:08.525000,849631,206,748213,2.54,NQEX,12639
RIG,20250717 09:31:08.525000,849626,1809,742999,2.54,NQEX,12639
RIG,20250717 09:31:08.525000,849620,700,734657,2.54,MEMX,12639
RIG,20250717 09:31:08.525000,849621,1,734658,2.54,MIAX,12659
RIG,20250717 09:31:08.525000,849622,1100,735758,2.54,MIAX,12639
RIG,20250717 09:31:08.525000,849623,400,736158,2.54,NQEX,12639
RIG,20250717 09:31:08.525000,849624,200,736358,2.54,NQEX,12639
RIG,20250717 09:31:08.525000,849625,4832,741190,2.54,NQEX,12639
RIG,20250717 09:31:08.526000,849632,1600,749813,2.54,NYSE,12639
RIG,20250717 09:31:08.526000,849634,200,751713,2.54,NQEX,12639
RIG,20250717 09:31:08.526000,849633,1700,751513,2.54,NQNX,12544
RIG,20250717 09:31:08.526000,849635,3300,755013,2.54,NQEX,12639
RIG,20250717 09:31:08.526000,849636,500,755513,2.54,NQEX,12639
RIG,20250717 09:31:08.527000,849644,49,755567,2.54,NQNX,12659
RIG,20250717 09:31:08.527000,849637,5,755518,2.54,NQNX,12659
RIG,20250717 09:31:08.529000,849667,100,756067,2.54,PACF,12639
RIG,20250717 09:31:08.529000,849678,100,761526,2.54,NQEX,12639
RIG,20250717 09:31:08.529000,849676,100,761077,2.54,EDGX,12639
RIG,20250717 09:31:08.529000,849677,349,761426,2.54,NQEX,12639
RIG,20250717 09:31:08.529000,849679,651,762177,2.54,NQEX,12639
RIG,20250717 09:31:08.529000,849666,400,755967,2.54,PACF,12639
RIG,20250717 09:31:08.529000,849668,3200,759267,2.54,MEMX,12639
RIG,20250717 09:31:08.529000,849673,100,760577,2.54,BATS,12639
RIG,20250717 09:31:08.529000,849675,400,760977,2.54,EDGX,12639
RIG,20250717 09:31:08.529000,849672,400,760477,2.54,BATS,12639
RIG,20250717 09:31:08.529000,849670,100,760067,2.54,MEMX,12639
RIG,20250717 09:31:08.529000,849669,700,759967,2.54,MEMX,12639
RIG,20250717 09:31:08.529000,849671,10,760077,2.54,NYSE,12659
RIG,20250717 09:31:08.533000,849699,100,763983,2.54,IEX,12544
RIG,20250717 09:31:08.533000,849698,6,763883,2.54,IEX,12659
RIG,20250717 09:31:08.533000,849697,1700,763877,2.54,IEX,12544
RIG,20250717 09:31:08.534000,849700,100,764083,2.54,NQNX,12544
RIG,20250717 09:31:08.536000,849711,362,770955,2.54,BATS,12639
RIG,20250717 09:31:08.536000,849715,100,771655,2.54,MIAX,12639
RIG,20250717 09:31:08.536000,849716,100,771755,2.54,NQNX,12544
RIG,20250717 09:31:08.536000,849714,100,771555,2.54,EDGX,12639
RIG,20250717 09:31:08.536000,849708,6010,770093,2.54,NYSE,12639
RIG,20250717 09:31:08.536000,849709,400,770493,2.54,PACF,12639
RIG,20250717 09:31:08.536000,849712,400,771355,2.54,EDGX,12639
RIG,20250717 09:31:08.536000,849710,100,770593,2.54,PACF,12639
RIG,20250717 09:31:08.536000,849713,100,771455,2.54,BATS,12639
RIG,20250717 09:31:08.540000,849725,2200,773955,2.54,NQNX,12544
RIG,20250717 09:31:08.541000,849726,2050,776005,2.54,NQNX,12544
RIG,20250717 09:31:08.543000,849746,400,776405,2.54,PACF,12639
RIG,20250717 09:31:08.543000,849747,100,776505,2.54,PACF,12639
RIG,20250717 09:31:08.543000,849748,5010,781515,2.54,NYSE,12639
RIG,20250717 09:31:08.543000,849756,100,781615,2.54,NQEX,12639
RIG,20250717 09:31:08.543000,849759,100,782181,2.54,BATS,12639
RIG,20250717 09:31:08.543000,849760,100,782281,2.54,EDGX,12639
RIG,20250717 09:31:08.543000,849764,2050,784331,2.54,MIAX,12639
RIG,20250717 09:31:08.543000,849765,400,784731,2.54,MIAX,12639
RIG,20250717 09:31:08.543000,849766,100,784831,2.54,MIAX,12639
RIG,20250717 09:31:08.543000,849767,5,784836,2.54,NYSE,12659
RIG,20250717 09:31:08.543000,849768,400,785236,2.54,PACF,12639
RIG,20250717 09:31:08.543000,849770,3200,788436,2.54,IEX,12544
RIG,20250717 09:31:08.543000,849771,400,788836,2.54,IEX,12544
RIG,20250717 09:31:08.543000,849772,100,788936,2.54,PACF,12544
RIG,20250717 09:31:08.543000,849773,900,789836,2.54,IEX,12544
RIG,20250717 09:31:08.543000,849758,400,782081,2.54,EDGX,12639
RIG,20250717 09:31:08.543000,849774,700,790536,2.54,IEX,12544
RIG,20250717 09:31:08.543000,849775,200,790736,2.54,IEX,12544
RIG,20250717 09:31:08.543000,849757,66,781681,2.54,BATS,12659
RIG,20250717 09:31:08.544000,849778,875,792111,2.54,NQNX,12544
RIG,20250717 09:31:08.544000,849777,500,791236,2.54,NQNX,12544
RIG,20250717 09:31:09.544000,852755,400,825309,2.54,EDGX,12639
RIG,20250717 09:31:09.544000,852754,200,824909,2.54,EDGX,12639
RIG,20250717 09:31:09.544000,852753,300,824709,2.54,BATS,12639
RIG,20250717 09:31:09.544000,852752,300,824409,2.54,EDGX,12639
RIG,20250717 09:31:09.544000,852751,400,824109,2.54,BATS,12639
RIG,20250717 09:31:09.544000,852750,200,823709,2.54,EDGX,12639
RIG,20250717 09:31:09.544000,852749,200,823509,2.54,BATS,12639
RIG,20250717 09:31:09.544000,852747,100,823309,2.54,PACF,12639
RIG,20250717 09:31:09.544000,852746,7098,823209,2.54,PACF,12639
RIG,20250717 09:31:09.544000,852745,10142,816111,2.54,NYSE,12639
RIG,20250717 09:31:09.544000,852744,12000,805969,2.54,NYSE,12639
RIG,20250717 09:31:09.544000,852756,50,825359,2.54,BATS,12659
RIG,20250717 09:31:09.544000,852757,100,825459,2.54,EDGX,12639
RIG,20250717 09:31:09.544000,852741,500,792611,2.54,PACF,12639
RIG,20250717 09:31:09.544000,852742,400,793011,2.54,PACF,12639
RIG,20250717 09:31:09.544000,852766,378,828053,2.54,BATS,12544
RIG,20250717 09:31:09.544000,852765,22,827675,2.54,BATS,12659
RIG,20250717 09:31:09.544000,852764,200,827653,2.54,NQEX,12639
RIG,20250717 09:31:09.544000,852743,958,793969,2.54,PACF,12639
RIG,20250717 09:31:09.544000,852763,100,827453,2.54,NQEX,12639
RIG,20250717 09:31:09.544000,852762,400,827353,2.54,EDGX,12544
RIG,20250717 09:31:09.544000,852761,400,826953,2.54,NQEX,12639
RIG,20250717 09:31:09.544000,852760,194,826553,2.54,NQEX,12639
RIG,20250717 09:31:09.544000,852759,500,826359,2.54,NQEX,12639
RIG,20250717 09:31:09.544000,852758,400,825859,2.54,PACF,12544
RIG,20250717 09:31:09.545000,852767,400,828453,2.54,NQEX,12544
RIG,20250717 09:31:09.545000,852768,400,828853,2.54,EDGX,12639
RIG,20250717 09:31:09.545000,852770,400,829253,2.54,NQEX,12639
RIG,20250717 09:31:09.545000,852771,400,829653,2.54,NQEX,12544
RIG,20250717 09:31:11.550000,859766,1000,830653,2.54,NQNX,12544
RIG,20250717 09:31:13.117000,864907,1,830654,2.54,NQNX,12659
RIG,20250717 09:31:17.379000,877087,1,830655,2.54,NQNX,12659
RIG,20250717 09:31:18.703000,881601,100,830755,2.54,NQNX,12544
RIG,20250717 09:31:18.793000,881827,1000,831755,2.54,NQNX,12544
RIG,20250717 09:31:39.640000,942110,1,831756,2.54,NQNX,12659
RIG,20250717 09:31:40.945000,944963,153,831909,2.54,NQNX,12544
RIG,20250717 09:31:41.312000,945739,1,831910,2.52,NQNX,12640
RIG,20250717 09:31:57.113000,987197,30,831940,2.54,NQNX,12659
RIG,20250717 09:32:01.099000,999108,50,831990,2.54,NQNX,12659
RIG,20250717 09:32:01.272000,999783,50,832040,2.54,NQNX,12659
RIG,20250717 09:32:01.389000,1000506,8370,840410,2.54,NQNX,12548
RIG,20250717 09:32:01.440000,1000749,50,840460,2.54,NQNX,12659
RIG,20250717 09:32:01.656000,1001500,50,840510,2.54,NQNX,12659
RIG,20250717 09:32:04.017000,1009907,200,849203,2.54,NQEX,12639
RIG,20250717 09:32:04.017000,1009906,400,849003,2.54,BATS,12639
RIG,20250717 09:32:04.017000,1009905,400,848603,2.54,BATS,12639
RIG,20250717 09:32:04.017000,1009904,100,848203,2.54,EDGX,12639
RIG,20250717 09:32:04.017000,1009903,400,848103,2.54,EDGX,12639
RIG,20250717 09:32:04.017000,1009902,273,847703,2.54,BATS,12639
RIG,20250717 09:32:04.017000,1009901,200,847430,2.54,EDGX,12639
RIG,20250717 09:32:04.017000,1009900,70,847230,2.54,MEMX,12659
RIG,20250717 09:32:04.017000,1009899,6150,847160,2.54,NYSE,12639
RIG,20250717 09:32:04.017000,1009908,100,849303,2.54,NQEX,12639
RIG,20250717 09:32:04.017000,1009909,400,849703,2.54,NQEX,12639
RIG,20250717 09:32:04.017000,1009897,400,840910,2.54,PACF,12639
RIG,20250717 09:32:04.017000,1009898,100,841010,2.54,PACF,12639
RIG,20250717 09:32:04.017000,1009910,100,849803,2.54,NQEX,12639
RIG,20250717 09:32:04.018000,1009928,4200,868263,2.54,MIAX,12639
RIG,20250717 09:32:04.018000,1009918,21,857200,2.54,BATS,12659
RIG,20250717 09:32:04.018000,1009917,900,857179,2.54,BATS,12639
RIG,20250717 09:32:04.018000,1009916,900,856279,2.54,BATS,12639
RIG,20250717 09:32:04.018000,1009915,1629,855379,2.54,BATS,12639
RIG,20250717 09:32:04.018000,1009919,500,857700,2.54,BATS,12639
RIG,20250717 09:32:04.018000,1009914,1631,853750,2.54,BATS,12639
RIG,20250717 09:32:04.018000,1009913,606,852119,2.54,MIAX,12639
RIG,20250717 09:32:04.018000,1009912,200,851513,2.54,MIAX,12639
RIG,20250717 09:32:04.018000,1009911,1510,851313,2.54,NYSE,12639
RIG,20250717 09:32:04.018000,1009929,45,868308,2.54,NQEX,12659
RIG,20250717 09:32:04.018000,1009930,400,868708,2.54,BATS,12639
RIG,20250717 09:32:04.018000,1009931,300,869008,2.54,NQNX,12544
RIG,20250717 09:32:04.018000,1009920,900,858600,2.54,BATS,12639
RIG,20250717 09:32:04.018000,1009927,1646,864063,2.54,MIAX,12639
RIG,20250717 09:32:04.018000,1009921,400,859000,2.54,BATS,12639
RIG,20250717 09:32:04.018000,1009926,1580,862417,2.54,MIAX,12639
RIG,20250717 09:32:04.018000,1009923,371,859771,2.54,PACF,12639
RIG,20250717 09:32:04.018000,1009922,400,859400,2.54,PACF,12639
RIG,20250717 09:32:04.018000,1009924,885,860656,2.54,PACF,12639
RIG,20250717 09:32:04.018000,1009925,181,860837,2.54,PACF,12639
RIG,20250717 09:32:04.020000,1009933,9400,878408,2.54,NQNX,12544
RIG,20250717 09:32:04.021000,1009937,100,878708,2.54,NQEX,12544
RIG,20250717 09:32:04.021000,1009935,100,878508,2.54,NQEX,12544
RIG,20250717 09:32:04.021000,1009938,100,878808,2.54,NQEX,12544
RIG,20250717 09:32:04.021000,1009939,200,879008,2.54,NQEX,12544
RIG,20250717 09:32:04.021000,1009940,100,879108,2.54,NQEX,12544
RIG,20250717 09:32:04.021000,1009936,100,878608,2.54,NQEX,12544
RIG,20250717 09:32:04.023000,1009941,6,879114,2.54,IEX,12659
RIG,20250717 09:32:04.024000,1009942,5,879119,2.54,NQNX,12659
RIG,20250717 09:32:04.025000,1009944,6,879125,2.54,NQNX,12659
RIG,20250717 09:32:04.026000,1009946,83,879208,2.54,NQNX,12659
RIG,20250717 09:32:05.462000,1015453,392,879600,2.54,NQNX,12544
RIG,20250717 09:32:07.525000,1021292,4000,883600,2.54,NQNX,12544
RIG,20250717 09:32:08.528000,1023773,600,886400,2.54,NYSE,12544
RIG,20250717 09:32:08.528000,1023772,2200,885800,2.54,NQNX,12544
RIG,20250717 09:32:08.926000,1024488,1000,887400,2.54,NQNX,12544
RIG,20250717 09:32:16.169000,1042073,100,887500,2.54,NQNX,12544
RIG,20250717 09:32:18.840000,1049204,600,888100,2.54,NYSE,12544
RIG,20250717 09:32:19.689000,1050692,392,888492,2.54,NQNX,12544
RIG,20250717 09:32:19.723000,1050741,100,888592,2.54,NYSE,12544
RIG,20250717 09:32:19.723000,1050742,100,888692,2.54,NYSE,12544
RIG,20250717 09:32:20.704000,1053037,392,889084,2.54,NQNX,12544
RIG,20250717 09:32:21.247000,1054330,100,889184,2.54,NQNX,12544
RIG,20250717 09:32:21.785000,1056141,17,889201,2.54,NQNX,12659
RIG,20250717 09:32:25.994000,1070030,1723,890924,2.54,NQNX,12548
RIG,20250717 09:32:30.006000,1081151,1684,892608,2.54,NQNX,12548
RIG,20250717 09:32:35.216000,1097776,5953,898561,2.54,NQNX,12544
RIG,20250717 09:32:35.404000,1098642,800,937434,2.54,PACF,12639
RIG,20250717 09:32:35.404000,1098634,12000,910561,2.54,NYSE,12639
RIG,20250717 09:32:35.404000,1098638,24207,934768,2.54,NYSE,12639
RIG,20250717 09:32:35.404000,1098646,198,938137,2.54,PACF,12639
RIG,20250717 09:32:35.404000,1098645,100,937939,2.54,PACF,12639
RIG,20250717 09:32:35.404000,1098639,400,935168,2.54,PACF,12639
RIG,20250717 09:32:35.404000,1098644,405,937839,2.54,PACF,12639
RIG,20250717 09:32:35.404000,1098641,400,936634,2.54,PACF,12639
RIG,20250717 09:32:35.404000,1098640,1066,936234,2.54,PACF,12639
RIG,20250717 09:32:35.405000,1098675,400,954289,2.54,NQEX,12639
RIG,20250717 09:32:35.405000,1098651,4000,942137,2.54,BATS,12639
RIG,20250717 09:32:35.405000,1098665,700,948858,2.54,MEMX,12639
RIG,20250717 09:32:35.405000,1098666,300,949158,2.54,MEMX,12639
RIG,20250717 09:32:35.405000,1098684,200,956689,2.54,NQEX,12639
RIG,20250717 09:32:35.405000,1098683,100,956489,2.54,NQEX,12639
RIG,20250717 09:32:35.405000,1098682,200,956389,2.54,NQEX,12639
RIG,20250717 09:32:35.405000,1098681,500,956189,2.54,NQEX,12639
RIG,20250717 09:32:35.405000,1098664,300,948158,2.54,MEMX,12639
RIG,20250717 09:32:35.405000,1098663,1629,947858,2.54,MEMX,12639
RIG,20250717 09:32:35.405000,1098662,300,946229,2.54,MEMX,12639
RIG,20250717 09:32:35.405000,1098674,400,953889,2.54,PACF,12639
RIG,20250717 09:32:35.405000,1098673,1331,953489,2.54,MIAX,12544
RIG,20250717 09:32:35.405000,1098667,400,949558,2.54,BATS,12639
RIG,20250717 09:32:35.405000,1098668,200,949758,2.54,BATS,12639
RIG,20250717 09:32:35.405000,1098669,100,949858,2.54,EDGX,12639
RIG,20250717 09:32:35.405000,1098670,43,949901,2.54,BATS,12659
RIG,20250717 09:32:35.405000,1098671,2157,952058,2.54,MIAX,12544
RIG,20250717 09:32:35.405000,1098691,10,956699,2.54,NQNX,12659
RIG,20250717 09:32:35.405000,1098672,100,952158,2.54,MIAX,12544
RIG,20250717 09:32:35.405000,1098679,100,955589,2.54,NQEX,12639
RIG,20250717 09:32:35.405000,1098656,400,943729,2.54,BATS,12639
RIG,20250717 09:32:35.405000,1098661,200,945929,2.54,EDGX,12639
RIG,20250717 09:32:35.405000,1098655,371,943329,2.54,EDGX,12639
RIG,20250717 09:32:35.405000,1098654,400,942958,2.54,BATS,12639
RIG,20250717 09:32:35.405000,1098678,100,955489,2.54,NQEX,12639
RIG,20250717 09:32:35.405000,1098677,100,955389,2.54,NQEX,12639
RIG,20250717 09:32:35.405000,1098653,400,942558,2.54,EDGX,12639
RIG,20250717 09:32:35.405000,1098676,1000,955289,2.54,NQEX,12639
RIG,20250717 09:32:35.405000,1098652,21,942158,2.54,EDGX,12659
RIG,20250717 09:32:35.405000,1098660,400,945729,2.54,BATS,12639
RIG,20250717 09:32:35.405000,1098658,1000,944929,2.54,BATS,12639
RIG,20250717 09:32:35.405000,1098657,200,943929,2.54,EDGX,12639
RIG,20250717 09:32:35.405000,1098659,400,945329,2.54,EDGX,12639
RIG,20250717 09:32:35.405000,1098680,100,955689,2.54,NQEX,12639
RIG,20250717 09:32:37.815000,1110369,100,974742,2.56,BATS,12544
RIG,20250717 09:32:37.815000,1110363,700,973938,2.56,BATS,12639
RIG,20250717 09:32:37.815000,1110396,1100,977442,2.56,IEX,12544
RIG,20250717 09:32:37.815000,1110395,200,976342,2.56,NQEX,12544
RIG,20250717 09:32:37.815000,1110392,100,976142,2.56,BATS,12639
RIG,20250717 09:32:37.815000,1110391,200,976042,2.56,NQEX,12639
RIG,20250717 09:32:37.815000,1110368,400,974642,2.56,PACF,12544
RIG,20250717 09:32:37.815000,1110367,104,974242,2.56,PACF,12544
RIG,20250717 09:32:37.815000,1110364,200,974138,2.56,NQEX,12544
RIG,20250717 09:32:37.815000,1110370,16,974758,2.56,NQEX,12659
RIG,20250717 09:32:37.815000,1110371,200,974958,2.56,BATS,12544
RIG,20250717 09:32:37.815000,1110372,384,975342,2.56,NQEX,12639
RIG,20250717 09:32:37.815000,1110373,100,975442,2.56,EDGX,12544
RIG,20250717 09:32:37.815000,1110374,200,975642,2.56,BATS,12544
RIG,20250717 09:32:37.815000,1110375,100,975742,2.56,BATS,12639
RIG,20250717 09:32:37.815000,1110389,100,975842,2.56,MIAX,12544
RIG,20250717 09:32:37.815000,1110397,400,977842,2.56,NQEX,12639
RIG,20250717 09:32:37.815000,1110362,100,973238,2.56,BATS,12639
RIG,20250717 09:32:37.815000,1110357,200,971638,2.56,BATS,12639
RIG,20250717 09:32:37.815000,1110349,100,969301,2.56,NQEX,12639
RIG,20250717 09:32:37.815000,1110359,1100,972938,2.56,NQEX,12639
RIG,20250717 09:32:37.815000,1110350,1000,970301,2.56,EDGX,12639
RIG,20250717 09:32:37.815000,1110351,400,970701,2.56,BATS,12639
RIG,20250717 09:32:37.815000,1110352,300,971001,2.56,NQEX,12639
RIG,20250717 09:32:37.815000,1110358,200,971838,2.56,NQEX,12639
RIG,20250717 09:32:37.815000,1110353,37,971038,2.56,MEMX,12659
RIG,20250717 09:32:37.815000,1110354,200,971238,2.56,MEMX,12639
RIG,20250717 09:32:37.815000,1110355,100,971338,2.56,BATS,12639
RIG,20250717 09:32:37.815000,1110356,100,971438,2.56,BATS,12639
RIG,20250717 09:32:37.815000,1110347,300,969001,2.56,NQEX,12639
RIG,20250717 09:32:37.815000,1110348,200,969201,2.56,NQEX,12639
RIG,20250717 09:32:37.815000,1110346,400,968701,2.56,NQEX,12639
RIG,20250717 09:32:37.815000,1110332,400,957099,2.56,PACF,12639
RIG,20250717 09:32:37.815000,1110333,200,957299,2.56,PACF,12639
RIG,20250717 09:32:37.815000,1110334,173,957472,2.56,PACF,12639
RIG,20250717 09:32:37.815000,1110335,123,957595,2.56,PACF,12639
RIG,20250717 09:32:37.815000,1110360,200,973138,2.56,PACF,12639
RIG,20250717 09:32:37.815000,1110340,200,962942,2.56,PACF,12639
RIG,20250717 09:32:37.815000,1110341,696,963638,2.56,PACF,12639
RIG,20250717 09:32:37.815000,1110343,4600,968238,2.56,NYSE,12639
RIG,20250717 09:32:37.815000,1110345,63,968301,2.56,NQEX,12659
RIG,20250717 09:32:37.815000,1110336,5147,962742,2.56,NYSE,12639
RIG,20250717 09:32:37.915000,1111308,500,979042,2.56,NQEX,12544
RIG,20250717 09:32:37.915000,1111307,700,978542,2.56,NQEX,12544
RIG,20250717 09:32:38.380000,1113369,3200,982242,2.56,IEX,12544
RIG,20250717 09:32:38.630000,1114701,1700,983942,2.56,IEX,12544
RIG,20250717 09:32:38.956000,1116276,392,984334,2.56,NTRF,12544
RIG,20250717 09:32:41.245000,1123872,100,984434,2.56,IEX,12544
RIG,20250717 09:32:46.383000,1139105,700,985134,2.56,NQEX,12544
RIG,20250717 09:32:49.287000,1145973,700,985834,2.56,NQEX,12544
RIG,20250717 09:32:49.288000,1146004,1700,987534,2.56,IEX,12544
RIG,20250717 09:32:51.084000,1149578,6,988940,2.56,BATY,12659
RIG,20250717 09:32:51.084000,1149577,1400,988934,2.56,NYSE,12544
RIG,20250717 09:32:51.086000,1149579,1600,990540,2.56,IEX,12544
RIG,20250717 09:32:51.778000,1151491,400,990940,2.56,IEX,12544
RIG,20250717 09:32:52.706000,1154081,500,991440,2.56,NQNX,12544
RIG,20250717 09:32:53.572000,1156528,200,991640,2.56,NQNX,12544
RIG,20250717 09:32:53.890000,1157148,1,991641,2.56,BATY,12659
RIG,20250717 09:32:55.019000,1159995,200,991841,2.56,IEX,12544
RIG,20250717 09:32:59.547000,1171198,800,992641,2.56,BATS,12544
RIG,20250717 09:33:01.684000,1178224,1,992642,2.56,NQNX,12659
RIG,20250717 09:33:03.891000,1187342,2,992644,2.56,BATY,12659
RIG,20250717 09:33:10.549000,1206634,1787,994431,2.55,NQNX,12548
RIG,20250717 09:33:12.528000,1212011,500,994931,2.56,NQNX,12544
RIG,20250717 09:33:13.127000,1214116,3800,998731,2.56,NQNX,12544
RIG,20250717 09:33:13.744000,1215616,1400,1002231,2.56,PACF,12544
RIG,20250717 09:33:13.744000,1215615,1400,1000831,2.56,NYSE,12544
RIG,20250717 09:33:13.744000,1215611,600,999431,2.56,NQEX,12544
RIG,20250717 09:33:13.744000,1215610,100,998831,2.56,IEX,12544
RIG,20250717 09:33:13.749000,1215630,389,1002620,2.56,NQNX,12544
RIG,20250717 09:33:15.436000,1219567,200,1002820,2.56,NQNX,12544
RIG,20250717 09:33:15.557000,1219729,2012,1004832,2.55,NQNX,12548
RIG,20250717 09:33:17.180000,1223026,100,1004932,2.56,NQNX,12544
RIG,20250717 09:33:20.178000,1231856,90,1005022,2.56,NQNX,12659
RIG,20250717 09:33:21.235000,1234049,6,1005028,2.56,NQEX,12659
RIG,20250717 09:33:21.237000,1234058,200,1005228,2.56,NQNX,12544
RIG,20250717 09:33:22.497000,1237731,90,1005318,2.57,NQNX,12659
RIG,20250717 09:33:24.891000,1243948,1,1005319,2.56,BATY,12659
RIG,20250717 09:33:24.914000,1244003,6,1005325,2.56,NQNX,12659
RIG,20250717 09:33:26.553000,1248158,90,1005415,2.56,NQNX,12659
RIG,20250717 09:33:30.424000,1258227,100,1005515,2.56,NQNX,12544
RIG,20250717 09:33:33.322000,1265752,200,1020670,2.56,NQEX,12639
RIG,20250717 09:33:33.322000,1265753,600,1021270,2.56,NQEX,12639
RIG,20250717 09:33:33.322000,1265760,245,1022770,2.56,NQEX,12544
RIG,20250717 09:33:33.322000,1265758,100,1021915,2.56,NQEX,12639
RIG,20250717 09:33:33.322000,1265757,4,1021815,2.56,NQEX,12659
RIG,20250717 09:33:33.322000,1265756,68,1021811,2.56,NQEX,12659
RIG,20250717 09:33:33.322000,1265755,73,1021743,2.56,NQEX,12659
RIG,20250717 09:33:33.322000,1265754,400,1021670,2.56,NQEX,12639
RIG,20250717 09:33:33.322000,1265773,3600,1028751,2.56,NQEX,12639
RIG,20250717 09:33:33.322000,1265772,755,1025151,2.56,NQEX,12639
RIG,20250717 09:33:33.322000,1265771,300,1024396,2.56,BATS,12544
RIG,20250717 09:33:33.322000,1265751,100,1020470,2.56,EDGX,12639
RIG,20250717 09:33:33.322000,1265770,100,1024096,2.56,EDGE,12639
RIG,20250717 09:33:33.322000,1265769,72,1023996,2.56,BATS,12659
RIG,20250717 09:33:33.322000,1265767,19,1023924,2.56,BATS,12659
RIG,20250717 09:33:33.322000,1265766,100,1023905,2.56,EDGE,12639
RIG,20250717 09:33:33.322000,1265765,400,1023805,2.56,BATS,12544
RIG,20250717 09:33:33.322000,1265764,200,1023405,2.56,EDGE,12639
RIG,20250717 09:33:33.322000,1265763,145,1023205,2.56,BATS,12544
RIG,20250717 09:33:33.322000,1265762,190,1023060,2.56,EDGE,12639
RIG,20250717 09:33:33.322000,1265761,100,1022870,2.56,EDGX,12544
RIG,20250717 09:33:33.322000,1265759,610,1022525,2.56,EDGE,12544
RIG,20250717 09:33:33.322000,1265750,255,1020370,2.56,BATS,12639
RIG,20250717 09:33:33.322000,1265749,700,1020115,2.56,BATS,12639
RIG,20250717 09:33:33.322000,1265748,200,1019415,2.56,EDGX,12639
RIG,20250717 09:33:33.322000,1265745,5300,1019215,2.56,NYSE,12544
RIG,20250717 09:33:33.322000,1265744,8000,1013915,2.56,NYSE,12639
RIG,20250717 09:33:33.322000,1265743,100,1005915,2.56,PACF,12639
RIG,20250717 09:33:33.322000,1265741,100,1005615,2.56,PACF,12639
RIG,20250717 09:33:33.322000,1265742,200,1005815,2.56,PACF,12639
RIG,20250717 09:33:33.323000,1265785,6,1030157,2.56,NQNX,12659
RIG,20250717 09:33:33.323000,1265783,300,1029851,2.56,NQNX,12544
RIG,20250717 09:33:33.323000,1265784,300,1030151,2.56,NQNX,12544
RIG,20250717 09:33:33.323000,1265779,400,1029551,2.56,BATS,12544
RIG,20250717 09:33:33.323000,1265776,400,1029151,2.56,NQEX,12544
RIG,20250717 09:33:33.324000,1265800,1001,1031158,2.55,NQNX,12544
RIG,20250717 09:33:33.324000,1265804,202,1031360,2.55,NQNX,12544
RIG,20250717 09:33:33.324000,1265805,172,1031532,2.55,NQNX,12544
RIG,20250717 09:33:33.324000,1265811,19,1031551,2.56,NQNX,12659
RIG,20250717 09:33:33.329000,1265891,4825,1036376,2.55,NQNX,12544
RIG,20250717 09:33:33.381000,1266005,4250,1040626,2.56,NTRF,12544
RIG,20250717 09:33:35.473000,1271973,220,1040846,2.55,NQNX,12544
RIG,20250717 09:33:35.477000,1271980,280,1041126,2.55,NQNX,12544
RIG,20250717 09:33:38.415000,1278872,1933,1043059,2.56,NYSE,12639
RIG,20250717 09:33:38.415000,1278873,998,1044057,2.56,NYSE,12639
RIG,20250717 09:33:38.415000,1278876,400,1045157,2.56,EDGX,12639
RIG,20250717 09:33:38.415000,1278874,500,1044557,2.56,BATS,12639
RIG,20250717 09:33:38.415000,1278882,2109,1048433,2.56,NYSE,12544
RIG,20250717 09:33:38.415000,1278883,400,1048833,2.56,PACF,12544
RIG,20250717 09:33:38.415000,1278884,100,1048933,2.56,BATS,12544
RIG,20250717 09:33:38.415000,1278881,56,1046324,2.56,BATS,12659
RIG,20250717 09:33:38.415000,1278885,300,1049233,2.56,BATS,12639
RIG,20250717 09:33:38.415000,1278886,400,1049633,2.56,NQEX,12544
RIG,20250717 09:33:38.415000,1278887,1100,1050733,2.56,NQEX,12544
RIG,20250717 09:33:38.415000,1278888,70,1050803,2.56,NQEX,12659
RIG,20250717 09:33:38.415000,1278889,400,1051203,2.56,NQEX,12639
RIG,20250717 09:33:38.415000,1278877,440,1045597,2.56,EDGX,12639
RIG,20250717 09:33:38.415000,1278880,200,1046268,2.56,EDGX,12639
RIG,20250717 09:33:38.415000,1278879,71,1046068,2.56,BATS,12659
RIG,20250717 09:33:38.415000,1278878,400,1045997,2.56,BATS,12639
RIG,20250717 09:33:38.415000,1278875,200,1044757,2.56,EDGX,12639
RIG,20250717 09:33:39.112000,1281510,90,1051293,2.56,NQNX,12659
RIG,20250717 09:33:39.672000,1282780,1400,1055293,2.56,NQEX,12544
RIG,20250717 09:33:39.672000,1282777,2000,1053293,2.56,NYSE,12544
RIG,20250717 09:33:39.672000,1282779,600,1053893,2.56,NQEX,12544
RIG,20250717 09:33:41.250000,1286247,389,1055682,2.56,NQNX,12544
RIG,20250717 09:33:47.460000,1304774,245,1055927,2.56,NQNX,12544
RIG,20250717 09:33:48.387000,1307707,1,1055928,2.56,NQNX,12659
RIG,20250717 09:34:01.393000,1338121,2521,1058449,2.55,NQNX,12548
RIG,20250717 09:34:04.785000,1347694,50,1058499,2.56,NQNX,12659
RIG,20250717 09:34:06.912000,1353812,2200,1060699,2.56,NQNX,12544
RIG,20250717 09:34:06.967000,1353964,50,1060749,2.56,NQNX,12659
RIG,20250717 09:34:07.843000,1356825,389,1061138,2.56,NQNX,12544
RIG,20250717 09:34:08.585000,1358273,194,1061332,2.56,NQNX,12544
RIG,20250717 09:34:13.441000,1369185,4000,1065332,2.56,NQNX,12544
RIG,20250717 09:34:13.780000,1370121,26,1065358,2.57,NQNX,12659
RIG,20250717 09:34:13.781000,1370122,74,1065432,2.57,NQNX,12659
RIG,20250717 09:34:13.987000,1370627,389,1065821,2.56,NQNX,12544
RIG,20250717 09:34:20.083000,1386044,30,1065851,2.56,NQNX,12659
RIG,20250717 09:34:20.084000,1386045,30,1065881,2.56,NQNX,12659
RIG,20250717 09:34:21.919000,1390118,9500,1075381,2.56,NQNX,12544
RIG,20250717 09:34:25.283000,1398874,500,1075881,2.56,NQNX,12544
RIG,20250717 09:34:25.995000,1400682,2568,1078449,2.55,NQNX,12548
RIG,20250717 09:34:27.175000,1403164,600,1079049,2.56,NYSE,12544
RIG,20250717 09:34:31.379000,1412945,50,1079099,2.56,NQNX,12659
RIG,20250717 09:34:31.614000,1413509,50,1079149,2.56,NQNX,12659
RIG,20250717 09:34:40.786000,1434991,100,1079249,2.57,NQNX,12544
RIG,20250717 09:34:40.963000,1435184,1945,1081194,2.56,NQNX,12548
RIG,20250717 09:34:41.083000,1435370,193,1081387,2.56,NQNX,12544
RIG,20250717 09:34:41.476000,1436172,1,1081388,2.56,NQNX,12659
RIG,20250717 09:34:42.866000,1438438,739,1082127,2.56,NQNX,12544
RIG,20250717 09:34:42.875000,1438445,1500,1083627,2.56,NQNX,12544
RIG,20250717 09:34:43.069000,1438958,1,1083628,2.56,NQNX,12659
RIG,20250717 09:34:55.023000,1463195,5,1083633,2.57,NQNX,12659
RIG,20250717 09:34:55.025000,1463196,156,1083789,2.56,NQNX,12544
RIG,20250717 09:34:55.030000,1463200,1344,1085133,2.56,NQNX,12544
RIG,20250717 09:34:55.221000,1463575,1000,1086133,2.57,NQNX,12544
RIG,20250717 09:34:58.347000,1470503,119,1086252,2.57,NQNX,12544
RIG,20250717 09:35:00.958000,1477012,4900,1091152,2.56,NQNX,12544
RIG,20250717 09:35:01.854000,1480267,389,1091541,2.56,NQNX,12544
RIG,20250717 09:35:01.900000,1480397,316,1091857,2.57,NQNX,12544
RIG,20250717 09:35:01.900000,1480398,19,1091876,2.57,NQNX,12659
RIG,20250717 09:35:01.901000,1480409,39,1092639,2.57,PACF,12659
RIG,20250717 09:35:01.901000,1480415,11,1098568,2.57,BATS,12659
RIG,20250717 09:35:01.901000,1480411,19,1092956,2.57,PACF,12659
RIG,20250717 09:35:01.901000,1480413,400,1098357,2.57,EDGX,12639
RIG,20250717 09:35:01.901000,1480412,5001,1097957,2.57,NYSE,12639
RIG,20250717 09:35:01.901000,1480408,200,1092600,2.57,MEMX,12639
RIG,20250717 09:35:01.901000,1480414,200,1098557,2.57,EDGX,12639
RIG,20250717 09:35:01.901000,1480410,298,1092937,2.57,PACF,12639
RIG,20250717 09:35:01.901000,1480423,98,1099662,2.57,MIAX,12659
RIG,20250717 09:35:01.901000,1480416,2,1098570,2.57,MIAX,12659
RIG,20250717 09:35:01.901000,1480407,170,1092400,2.57,NYSE,12639
RIG,20250717 09:35:01.901000,1480417,5,1098575,2.57,NQEX,12659
RIG,20250717 09:35:01.901000,1480418,6,1098581,2.57,NQEX,12659
RIG,20250717 09:35:01.901000,1480419,89,1098670,2.57,BATS,12659
RIG,20250717 09:35:01.901000,1480420,400,1099070,2.57,BATS,12639
RIG,20250717 09:35:01.901000,1480421,94,1099164,2.57,NQEX,12659
RIG,20250717 09:35:01.901000,1480402,300,1092176,2.57,NQNX,12544
RIG,20250717 09:35:01.901000,1480404,19,1092195,2.57,NQNX,12659
RIG,20250717 09:35:01.901000,1480405,19,1092214,2.57,NQNX,12659
RIG,20250717 09:35:01.901000,1480406,16,1092230,2.57,PACF,12659
RIG,20250717 09:35:01.901000,1480422,400,1099564,2.57,NQEX,12639
RIG,20250717 09:35:01.902000,1480425,19,1099681,2.56,NQNX,12659
RIG,20250717 09:35:01.903000,1480426,19,1099700,2.56,NQNX,12659
RIG,20250717 09:35:01.903000,1480427,300,1100000,2.56,NQNX,12544
RIG,20250717 09:35:01.903000,1480428,19,1100019,2.56,NQNX,12659
RIG,20250717 09:35:01.903000,1480431,200,1100219,2.56,NQNX,12544
RIG,20250717 09:35:01.904000,1480432,400,1100619,2.56,NQNX,12544
RIG,20250717 09:35:01.904000,1480439,200,1100819,2.56,NQNX,12544
RIG,20250717 09:35:01.904000,1480442,298,1101156,2.56,NQNX,12544
RIG,20250717 09:35:01.904000,1480441,39,1100858,2.56,NQNX,12659
RIG,20250717 09:35:01.905000,1480450,300,1104406,2.56,NQNX,12544
RIG,20250717 09:35:01.905000,1480446,19,1101175,2.56,NQNX,12659
RIG,20250717 09:35:01.905000,1480448,2930,1104105,2.56,NQNX,12544
RIG,20250717 09:35:01.905000,1480449,1,1104106,2.56,NQNX,12659
RIG,20250717 09:35:01.906000,1480452,1700,1106106,2.56,NQNX,12544
RIG,20250717 09:35:01.906000,1480453,60,1106166,2.56,NQNX,12659
RIG,20250717 09:35:01.907000,1480454,1200,1107366,2.57,NQNX,12544
RIG,20250717 09:35:01.908000,1480456,1370,1108736,2.57,NQNX,12544
RIG,20250717 09:35:01.910000,1480459,30600,1139336,2.57,NQNX,12544
RIG,20250717 09:35:02.664000,1482508,2500,1141836,2.57,NQNX,12544
RIG,20250717 09:35:02.665000,1482512,2200,1144036,2.57,NQNX,12544
RIG,20250717 09:35:03.250000,1484400,500,1144536,2.57,NQNX,12544
RIG,20250717 09:35:03.958000,1486507,1,1144537,2.58,NQNX,12659
RIG,20250717 09:35:03.958000,1486508,1,1144538,2.57,NQNX,12659
RIG,20250717 09:35:03.958000,1486511,499,1145037,2.57,NQNX,12544
RIG,20250717 09:35:03.963000,1486611,1800,1146837,2.57,NQNX,12544
RIG,20250717 09:35:03.963000,1486612,1000,1147837,2.57,PACF,12544
RIG,20250717 09:35:03.963000,1486618,600,1150837,2.57,NYSE,12544
RIG,20250717 09:35:03.963000,1486615,700,1148537,2.57,EDGX,12544
RIG,20250717 09:35:03.963000,1486616,1700,1150237,2.57,NQEX,12544
RIG,20250717 09:35:04.812000,1490339,389,1151226,2.57,NTRF,12544
RIG,20250717 09:35:07.094000,1496851,4900,1156126,2.57,NQNX,12544
RIG,20250717 09:35:10.550000,1506058,3215,1159341,2.56,NQNX,12548
RIG,20250717 09:35:12.530000,1511593,1,1159342,2.56,NQNX,12640
RIG,20250717 09:35:13.582000,1514472,1,1159343,2.57,NQNX,12659
RIG,20250717 09:35:15.593000,1519144,500,1159843,2.57,NQNX,12544
RIG,20250717 09:35:15.905000,1519771,500,1160343,2.57,NQNX,12544
RIG,20250717 09:35:20.999000,1531247,2500,1162843,2.57,NQNX,12544
RIG,20250717 09:35:23.405000,1541095,8,1162851,2.57,BATY,12659
RIG,20250717 09:35:24.349000,1543396,1,1162852,2.57,NQNX,12659
RIG,20250717 09:35:25.898000,1547102,1,1162853,2.57,BATY,12659
RIG,20250717 09:35:35.277000,1571153,400,1163253,2.57,NQNX,12544
RIG,20250717 09:35:36.676000,1574964,1000,1164253,2.57,NQNX,12544
RIG,20250717 09:35:38.384000,1579156,1782,1166035,2.57,NQNX,12548
RIG,20250717 09:35:38.389000,1579176,934,1166969,2.57,NQNX,12548
RIG,20250717 09:35:41.694000,1587186,1,1166970,2.57,BATY,12659
RIG,20250717 09:35:57.310000,1627329,1,1166971,2.57,NQNX,12659
RIG,20250717 09:36:02.796000,1641041,1,1166986,2.57,NQNX,12640
RIG,20250717 09:36:02.796000,1641039,14,1166985,2.57,NQNX,12659
RIG,20250717 09:36:08.037000,1657847,1,1166987,2.57,NQNX,12659
RIG,20250717 09:36:09.042000,1660249,1,1166988,2.57,NQNX,12659
RIG,20250717 09:36:09.116000,1660415,1,1166989,2.57,NQNX,12659
RIG,20250717 09:36:13.542000,1670796,3,1166992,2.57,NQNX,12659
RIG,20250717 09:36:13.857000,1671454,1,1166993,2.57,NQNX,12659
RIG,20250717 09:36:15.932000,1678101,2,1166995,2.58,NTRF,12659
RIG,20250717 09:36:15.933000,1678104,100,1167295,2.57,NYSE,12544
RIG,20250717 09:36:15.933000,1678102,100,1167095,2.57,BATS,12544
RIG,20250717 09:36:15.933000,1678103,100,1167195,2.57,PACF,12544
RIG,20250717 09:36:15.934000,1678109,1,1167998,2.57,BATY,12659
RIG,20250717 09:36:15.934000,1678106,500,1167995,2.57,NQEX,12544
RIG,20250717 09:36:15.934000,1678110,200,1168198,2.57,NQEX,12544
RIG,20250717 09:36:15.934000,1678108,1,1167997,2.57,BATY,12659
RIG,20250717 09:36:15.934000,1678107,1,1167996,2.57,BATY,12659
RIG,20250717 09:36:15.934000,1678105,200,1167495,2.57,NQEX,12544
RIG,20250717 09:36:16.011000,1678420,500,1168698,2.57,NTRF,12544
RIG,20250717 09:36:16.012000,1678427,1567,1170265,2.57,NQNX,12544
RIG,20250717 09:36:16.179000,1678775,100,1170365,2.57,NQNX,12544
RIG,20250717 09:36:17.072000,1680979,389,1170754,2.57,NQNX,12544
RIG,20250717 09:36:20.934000,1690936,2,1170756,2.57,NQNX,12659
RIG,20250717 09:36:23.052000,1696394,700,1171456,2.57,NQNX,12544
RIG,20250717 09:36:25.899000,1703201,1,1171457,2.57,BATY,12659
RIG,20250717 09:36:28.641000,1709811,12,1171469,2.57,NQNX,12659
RIG,20250717 09:36:29.225000,1711343,500,1171969,2.57,NTRF,12544
RIG,20250717 09:36:29.983000,1713540,389,1172358,2.57,NQNX,12544
RIG,20250717 09:36:30.946000,1715509,1000,1173358,2.57,NQNX,12544
RIG,20250717 09:36:33.144000,1719732,1403,1174761,2.57,NQNX,12544
RIG,20250717 09:36:33.145000,1719734,100,1174862,2.57,NQNX,12544
RIG,20250717 09:36:33.145000,1719733,1,1174762,2.57,NQNX,12659
RIG,20250717 09:36:33.146000,1719740,533,1175395,2.57,NQNX,12544
RIG,20250717 09:36:39.908000,1734213,1,1175396,2.57,BATY,12659
RIG,20250717 09:36:39.910000,1734214,5,1175401,2.57,NQNX,12659
RIG,20250717 09:36:49.237000,1756151,400,1178401,2.57,NQNX,12544
RIG,20250717 09:36:49.237000,1756150,2600,1178001,2.57,NQNX,12544
RIG,20250717 09:36:53.908000,1765086,1,1178402,2.57,BATY,12659
RIG,20250717 09:36:55.203000,1768301,4000,1182402,2.57,NQNX,12544
RIG,20250717 09:36:56.696000,1771482,3000,1185402,2.57,NQNX,12544
RIG,20250717 09:36:58.313000,1774543,250,1185652,2.57,NQNX,12544
RIG,20250717 09:37:12.806000,1808679,100,1185752,2.57,NQNX,12544
RIG,20250717 09:37:12.875000,1808806,761,1186513,2.57,NQNX,12544
RIG,20250717 09:37:12.875000,1808807,1363,1187876,2.57,NQNX,12544
RIG,20250717 09:37:18.629000,1820392,90,1187966,2.57,NQNX,12659
RIG,20250717 09:37:24.656000,1834208,200,1188543,2.57,NQNX,12544
RIG,20250717 09:37:24.656000,1834207,377,1188343,2.57,NQNX,12544
RIG,20250717 09:37:24.657000,1834211,100,1188643,2.57,NQNX,12544
RIG,20250717 09:37:24.719000,1834258,200,1189143,2.57,NQNX,12544
RIG,20250717 09:37:24.719000,1834259,400,1189543,2.57,NQNX,12544
RIG,20250717 09:37:24.719000,1834257,300,1188943,2.57,NQNX,12544
RIG,20250717 09:37:24.850000,1834434,100,1189643,2.57,NQNX,12544
RIG,20250717 09:37:24.873000,1834452,423,1190066,2.57,NQNX,12544
RIG,20250717 09:37:31.180000,1846447,1,1190067,2.57,NTRF,12659
RIG,20250717 09:37:31.184000,1846453,31,1190198,2.57,NQNX,12659
RIG,20250717 09:37:31.184000,1846452,100,1190167,2.57,NQNX,12544
RIG,20250717 09:37:34.645000,1854187,100,1190398,2.57,NQNX,12544
RIG,20250717 09:37:34.645000,1854186,100,1190298,2.57,NQNX,12544
RIG,20250717 09:37:34.716000,1854362,300,1190698,2.57,NQNX,12544
RIG,20250717 09:37:34.716000,1854363,200,1190898,2.57,NQNX,12544
RIG,20250717 09:37:34.716000,1854364,767,1191665,2.57,NQNX,12544
RIG,20250717 09:37:34.775000,1854426,177,1191842,2.57,NQNX,12544
RIG,20250717 09:37:38.667000,1862947,527,1192369,2.57,NQNX,12544
RIG,20250717 09:37:39.230000,1863878,19,1192388,2.57,NTRF,12659
RIG,20250717 09:37:39.789000,1864923,45,1192433,2.57,NQNX,12659
RIG,20250717 09:37:41.574000,1868053,45,1192478,2.58,NQNX,12659
RIG,20250717 09:37:43.929000,1872025,100,1192578,2.57,NQEX,12544
RIG,20250717 09:37:44.003000,1872250,1,1192579,2.57,CINC,12659
RIG,20250717 09:37:44.003000,1872251,200,1192779,2.57,NQNX,12544
RIG,20250717 09:37:44.003000,1872252,200,1192979,2.57,NQNX,12544
RIG,20250717 09:37:44.004000,1872258,200,1193479,2.57,NQNX,12544
RIG,20250717 09:37:44.004000,1872254,200,1193179,2.57,NQNX,12544
RIG,20250717 09:37:44.004000,1872256,100,1193279,2.57,NQNX,12544
RIG,20250717 09:37:44.004000,1872260,100,1193579,2.57,NQNX,12544
RIG,20250717 09:37:44.072000,1872398,100,1193679,2.57,NTRF,12544
RIG,20250717 09:37:44.072000,1872403,100,1194134,2.57,NQNX,12544
RIG,20250717 09:37:44.072000,1872402,155,1194034,2.57,NQNX,12544
RIG,20250717 09:37:44.072000,1872400,200,1193879,2.57,NQNX,12544
RIG,20250717 09:37:44.149000,1872465,100,1194234,2.57,NTRF,12544
RIG,20250717 09:37:44.150000,1872468,100,1194434,2.57,NQNX,12544
RIG,20250717 09:37:44.150000,1872469,100,1194534,2.57,NQNX,12544
RIG,20250717 09:37:44.150000,1872466,100,1194334,2.57,NQNX,12544
RIG,20250717 09:37:47.083000,1878228,45,1194579,2.57,NQNX,12659
RIG,20250717 09:37:54.412000,1890615,50,1194629,2.57,NQNX,12659
RIG,20250717 09:38:02.760000,1905848,200,1194829,2.57,NQNX,12544
RIG,20250717 09:38:02.760000,1905849,100,1194929,2.57,NQNX,12544
RIG,20250717 09:38:02.760000,1905850,100,1195029,2.57,NQNX,12544
RIG,20250717 09:38:02.760000,1905851,29,1195058,2.57,NQNX,12659
RIG,20250717 09:38:02.760000,1905852,200,1195258,2.57,NQNX,12544
RIG,20250717 09:38:02.846000,1906031,800,1196058,2.57,NQNX,12544
RIG,20250717 09:38:02.846000,1906040,439,1196983,2.57,NQNX,12544
RIG,20250717 09:38:02.846000,1906039,1,1196544,2.57,BATY,12659
RIG,20250717 09:38:02.846000,1906038,1,1196543,2.57,BATY,12659
RIG,20250717 09:38:02.846000,1906037,1,1196542,2.57,BATY,12659
RIG,20250717 09:38:02.846000,1906036,200,1196541,2.57,NQNX,12544
RIG,20250717 09:38:02.846000,1906035,12,1196341,2.57,NQNX,12659
RIG,20250717 09:38:02.846000,1906034,100,1196329,2.57,NQNX,12544
RIG,20250717 09:38:02.846000,1906033,100,1196229,2.57,NQNX,12544
RIG,20250717 09:38:02.846000,1906032,71,1196129,2.57,NQNX,12659
RIG,20250717 09:38:02.847000,1906044,45,1197028,2.58,NQNX,12659
RIG,20250717 09:38:04.164000,1909941,389,1197417,2.57,NQNX,12544
RIG,20250717 09:38:04.839000,1911872,700,1198117,2.57,NQNX,12544
RIG,20250717 09:38:04.839000,1911873,1800,1199917,2.57,NQNX,12544
RIG,20250717 09:38:09.508000,1922779,1,1199918,2.57,NQNX,12659
RIG,20250717 09:38:14.127000,1932843,1,1199919,2.57,BATY,12659
RIG,20250717 09:38:26.812000,1959910,300,1200219,2.57,NQNX,12544
RIG,20250717 09:38:26.813000,1959913,100,1200319,2.57,NQNX,12544
RIG,20250717 09:38:28.841000,1963199,117,1200436,2.57,NTRF,12544
RIG,20250717 09:38:28.843000,1963202,100,1200536,2.57,BATS,12544
RIG,20250717 09:38:28.843000,1963204,22,1200558,2.57,BATS,12659
RIG,20250717 09:38:29.671000,1965117,1,1200559,2.57,BATY,12659
RIG,20250717 09:38:30.078000,1966004,19,1200578,2.58,CINC,12659
RIG,20250717 09:38:30.182000,1966206,454,1201560,2.57,NQNX,12544
RIG,20250717 09:38:30.182000,1966207,100,1201660,2.57,NQNX,12544
RIG,20250717 09:38:30.182000,1966205,528,1201106,2.57,NQNX,12544
RIG,20250717 09:38:30.183000,1966208,100,1201760,2.57,NQNX,12544
RIG,20250717 09:38:30.183000,1966210,300,1202160,2.57,NQNX,12544
RIG,20250717 09:38:30.183000,1966209,100,1201860,2.57,NQNX,12544
RIG,20250717 09:38:30.271000,1966301,500,1202660,2.57,NTRF,12544
RIG,20250717 09:38:31.766000,1969323,389,1203049,2.57,NQNX,12544
RIG,20250717 09:38:33.917000,1973008,1,1203050,2.57,BATY,12659
RIG,20250717 09:38:38.901000,1983762,36,1203086,2.57,NQNX,12659
RIG,20250717 09:38:45.639000,1998132,100,1203186,2.57,NQNX,12544
RIG,20250717 09:38:45.641000,1998135,50,1203351,2.57,EDGE,12659
RIG,20250717 09:38:45.641000,1998134,115,1203301,2.57,EDGX,12544
RIG,20250717 09:38:45.641000,1998136,50,1203401,2.57,EDGE,12659
RIG,20250717 09:38:45.642000,1998137,100,1203501,2.57,EDGE,12544
RIG,20250717 09:38:45.642000,1998138,100,1203601,2.57,EDGX,12544
RIG,20250717 09:38:45.721000,1998223,50,1203651,2.57,NQNX,12659
RIG,20250717 09:38:45.722000,1998224,200,1203851,2.57,NQNX,12544
RIG,20250717 09:38:45.772000,1998254,400,1204251,2.57,NQNX,12544
RIG,20250717 09:38:48.275000,2003097,2,1204253,2.58,NQNX,12659
RIG,20250717 09:38:48.894000,2004376,10,1204263,2.58,NQNX,12659
RIG,20250717 09:38:58.716000,2020565,100,1204563,2.57,EDGX,12544
RIG,20250717 09:38:58.716000,2020564,100,1204463,2.57,BATS,12544
RIG,20250717 09:38:58.716000,2020563,100,1204363,2.57,PACF,12544
RIG,20250717 09:38:58.717000,2020566,200,1204763,2.57,NQEX,12544
RIG,20250717 09:38:58.794000,2020671,300,1205063,2.57,NQNX,12544
RIG,20250717 09:38:58.853000,2020777,200,1205263,2.57,NTRF,12544
RIG,20250717 09:38:58.854000,2020778,400,1205663,2.57,NQNX,12544
RIG,20250717 09:38:58.855000,2020780,500,1206563,2.57,NQNX,12544
RIG,20250717 09:38:58.855000,2020779,400,1206063,2.57,NQNX,12544
RIG,20250717 09:39:03.926000,2031744,100,1206663,2.57,NQNX,12544
RIG,20250717 09:39:05.402000,2036874,389,1207052,2.57,NQNX,12544
RIG,20250717 09:39:05.404000,2036877,288,1208238,2.57,NQNX,12544
RIG,20250717 09:39:05.404000,2036876,432,1207950,2.57,NQNX,12544
RIG,20250717 09:39:05.404000,2036875,466,1207518,2.57,NQNX,12544
RIG,20250717 09:39:05.405000,2036880,951,1210738,2.57,NQNX,12544
RIG,20250717 09:39:05.405000,2036878,400,1208638,2.57,IEX,12544
RIG,20250717 09:39:05.405000,2036879,1149,1209787,2.57,IEX,12544
RIG,20250717 09:39:05.406000,2036882,5,1210743,2.57,NQNX,12659
RIG,20250717 09:39:06.477000,2038875,600,1211343,2.57,NQNX,12544
RIG,20250717 09:39:10.074000,2045749,200,1211543,2.57,NQEX,12544
RIG,20250717 09:39:11.492000,2049161,100,1211643,2.57,NQNX,12544
RIG,20250717 09:39:12.796000,2051779,100,1211743,2.57,NQNX,12544
RIG,20250717 09:39:14.496000,2055047,100,1211843,2.57,NQNX,12544
RIG,20250717 09:39:14.542000,2055150,25,1211868,2.57,NQNX,12659
RIG,20250717 09:39:22.568000,2069145,210,1212078,2.57,NQNX,12544
RIG,20250717 09:39:27.940000,2079369,100,1212178,2.57,NQNX,12544
RIG,20250717 09:39:29.059000,2082478,1,1212181,2.57,BATY,12659
RIG,20250717 09:39:29.059000,2082477,1,1212180,2.57,BATY,12659
RIG,20250717 09:39:29.059000,2082476,1,1212179,2.57,BATY,12659
RIG,20250717 09:39:30.920000,2086173,1,1212182,2.57,BATY,12659
RIG,20250717 09:39:32.503000,2089446,50,1212232,2.57,NQNX,12659
RIG,20250717 09:39:40.859000,2104839,19,1212251,2.58,BOST,12659
RIG,20250717 09:39:40.861000,2104858,1,1217502,2.57,PACF,12659
RIG,20250717 09:39:40.861000,2104878,303,1221769,2.57,NQEX,12544
RIG,20250717 09:39:40.861000,2104873,81,1220585,2.57,EDGX,12659
RIG,20250717 09:39:40.861000,2104874,81,1220666,2.57,BATS,12659
RIG,20250717 09:39:40.861000,2104875,500,1221166,2.57,NQEX,12544
RIG,20250717 09:39:40.861000,2104883,1100,1225034,2.57,NQEX,12544
RIG,20250717 09:39:40.861000,2104859,1,1217503,2.57,PACF,12659
RIG,20250717 09:39:40.861000,2104876,100,1221266,2.57,NQEX,12544
RIG,20250717 09:39:40.861000,2104857,3,1217501,2.57,PACF,12659
RIG,20250717 09:39:40.861000,2104856,1,1217498,2.57,PACF,12659
RIG,20250717 09:39:40.861000,2104853,1,1217495,2.57,PACF,12659
RIG,20250717 09:39:40.861000,2104887,337,1227090,2.57,BATS,12544
RIG,20250717 09:39:40.861000,2104885,1300,1226434,2.57,NQEX,12544
RIG,20250717 09:39:40.861000,2104872,563,1220504,2.57,BATS,12544
RIG,20250717 09:39:40.861000,2104847,400,1213448,2.57,BATS,12544
RIG,20250717 09:39:40.861000,2104844,351,1212602,2.57,BATS,12544
RIG,20250717 09:39:40.861000,2104845,440,1213042,2.57,BATS,12544
RIG,20250717 09:39:40.861000,2104846,6,1213048,2.57,BATS,12659
RIG,20250717 09:39:40.861000,2104854,1,1217496,2.57,PACF,12659
RIG,20250717 09:39:40.861000,2104855,1,1217497,2.57,PACF,12659
RIG,20250717 09:39:40.861000,2104886,319,1226753,2.57,BATS,12544
RIG,20250717 09:39:40.861000,2104852,100,1217494,2.57,PACF,12544
RIG,20250717 09:39:40.861000,2104869,100,1219441,2.57,EDGX,12544
RIG,20250717 09:39:40.861000,2104870,100,1219541,2.57,BATS,12544
RIG,20250717 09:39:40.861000,2104851,6,1217394,2.57,PACF,12659
RIG,20250717 09:39:40.861000,2104860,2,1217505,2.57,PACF,12659
RIG,20250717 09:39:40.861000,2104882,400,1223934,2.57,NQEX,12544
RIG,20250717 09:39:40.861000,2104881,6,1223534,2.57,NQEX,12659
RIG,20250717 09:39:40.861000,2104880,1683,1223528,2.57,NQEX,12544
RIG,20250717 09:39:40.861000,2104879,76,1221845,2.57,NQEX,12659
RIG,20250717 09:39:40.861000,2104871,400,1219941,2.57,EDGX,12544
RIG,20250717 09:39:40.861000,2104884,100,1225134,2.57,NQEX,12544
RIG,20250717 09:39:40.861000,2104850,200,1217388,2.57,PACF,12544
RIG,20250717 09:39:40.861000,2104863,100,1218852,2.57,EDGX,12544
RIG,20250717 09:39:40.861000,2104864,200,1219052,2.57,EDGX,12544
RIG,20250717 09:39:40.861000,2104865,89,1219141,2.57,BATS,12659
RIG,20250717 09:39:40.861000,2104862,400,1218752,2.57,PACF,12544
RIG,20250717 09:39:40.861000,2104866,100,1219241,2.57,BATS,12544
RIG,20250717 09:39:40.861000,2104868,100,1219341,2.57,EDGX,12544
RIG,20250717 09:39:40.861000,2104877,200,1221466,2.57,NQEX,12544
RIG,20250717 09:39:40.861000,2104849,6,1217188,2.57,BATS,12659
RIG,20250717 09:39:40.861000,2104848,3734,1217182,2.57,NYSE,12544
RIG,20250717 09:39:40.861000,2104861,847,1218352,2.57,PACF,12544
RIG,20250717 09:39:40.862000,2104889,400,1227890,2.57,NQEX,12544
RIG,20250717 09:39:40.862000,2104890,200,1228090,2.57,EDGX,12544
RIG,20250717 09:39:40.862000,2104892,200,1228890,2.57,EDGX,12544
RIG,20250717 09:39:40.862000,2104891,600,1228690,2.57,IEX,12544
RIG,20250717 09:39:40.862000,2104894,119,1229409,2.57,EDGX,12544
RIG,20250717 09:39:40.862000,2104893,400,1229290,2.57,NQEX,12544
RIG,20250717 09:39:40.862000,2104896,100,1229509,2.57,NQEX,12544
RIG,20250717 09:39:40.862000,2104897,100,1229609,2.57,NQEX,12544
RIG,20250717 09:39:40.862000,2104888,400,1227490,2.57,BATS,12639
RIG,20250717 09:39:40.864000,2104902,900,1232309,2.56,NQNX,12544
RIG,20250717 09:39:40.864000,2104901,1800,1231409,2.57,NQNX,12544
RIG,20250717 09:39:42.863000,2108743,40,1232349,2.56,NQNX,12659
RIG,20250717 09:39:42.872000,2108775,100,1232466,2.56,NQNX,12544
RIG,20250717 09:39:42.872000,2108773,17,1232366,2.56,NQNX,12659
RIG,20250717 09:39:43.797000,2110562,200,1232666,2.56,NQNX,12544
RIG,20250717 09:39:44.519000,2111991,500,1233166,2.56,NQNX,12544
RIG,20250717 09:39:45.930000,2115463,500,1233666,2.56,NQNX,12544
RIG,20250717 09:39:47.036000,2117122,500,1234166,2.56,NYSE,12544
RIG,20250717 09:39:49.511000,2123485,50,1234216,2.56,NQNX,12659
RIG,20250717 09:39:53.516000,2132384,1000,1235216,2.56,NQNX,12544
RIG,20250717 09:39:55.517000,2135849,290,1235506,2.56,NYSE,12544
RIG,20250717 09:39:55.518000,2135852,100,1235806,2.56,NQEX,12544
RIG,20250717 09:39:55.518000,2135850,100,1235606,2.56,NQEX,12544
RIG,20250717 09:39:55.518000,2135851,100,1235706,2.56,NQEX,12544
RIG,20250717 09:39:55.519000,2135866,100,1237606,2.56,NQNX,12544
RIG,20250717 09:39:55.519000,2135867,1,1237607,2.56,NQNX,12659
RIG,20250717 09:39:55.519000,2135864,300,1237206,2.56,NQNX,12544
RIG,20250717 09:39:55.519000,2135868,300,1237907,2.56,NQNX,12544
RIG,20250717 09:39:55.519000,2135869,100,1238007,2.56,NQNX,12544
RIG,20250717 09:39:55.519000,2135865,300,1237506,2.56,NQNX,12544
RIG,20250717 09:39:55.519000,2135862,100,1236806,2.56,NQNX,12544
RIG,20250717 09:39:55.519000,2135855,100,1235906,2.56,NQNX,12544
RIG,20250717 09:39:55.519000,2135856,100,1236006,2.56,NQNX,12544
RIG,20250717 09:39:55.519000,2135857,100,1236106,2.56,NQNX,12544
RIG,20250717 09:39:55.519000,2135858,100,1236206,2.56,NQNX,12544
RIG,20250717 09:39:55.519000,2135859,300,1236506,2.56,NQNX,12544
RIG,20250717 09:39:55.519000,2135860,100,1236606,2.56,NQNX,12544
RIG,20250717 09:39:55.519000,2135861,100,1236706,2.56,NQNX,12544
RIG,20250717 09:39:55.519000,2135863,100,1236906,2.56,NQNX,12544
RIG,20250717 09:39:55.519000,2135870,100,1238107,2.56,NQNX,12544
RIG,20250717 09:39:55.520000,2135871,200,1238307,2.56,NQNX,12544
RIG,20250717 09:39:55.520000,2135875,200,1239006,2.56,NQNX,12544
RIG,20250717 09:39:55.520000,2135872,299,1238606,2.56,NQNX,12544
RIG,20250717 09:39:55.520000,2135873,100,1238706,2.56,NQNX,12544
RIG,20250717 09:39:55.520000,2135874,100,1238806,2.56,NQNX,12544
RIG,20250717 09:39:55.521000,2135877,100,1239206,2.56,NQNX,12544
RIG,20250717 09:39:55.521000,2135876,100,1239106,2.56,NQNX,12544
RIG,20250717 09:39:58.168000,2141872,500,1239706,2.56,NTRF,12544
RIG,20250717 09:39:59.799000,2144742,1,1239707,2.56,NQNX,12659
RIG,20250717 09:40:03.067000,2154587,100,1239807,2.56,MEMX,12544
RIG,20250717 09:40:03.067000,2154588,200,1240007,2.56,BATS,12544
RIG,20250717 09:40:03.067000,2154589,152,1240159,2.56,PACF,12544
RIG,20250717 09:40:03.067000,2154590,100,1240259,2.56,EDGX,12544
RIG,20250717 09:40:03.067000,2154591,100,1240359,2.56,NYSE,12544
RIG,20250717 09:40:03.067000,2154592,100,1240459,2.56,EDGE,12544
RIG,20250717 09:40:03.068000,2154593,200,1240659,2.56,NQEX,12544
RIG,20250717 09:40:03.108000,2154767,100,1241559,2.56,EDGE,12544
RIG,20250717 09:40:03.108000,2154768,200,1241759,2.56,MEMX,12544
RIG,20250717 09:40:03.108000,2154766,200,1241459,2.56,NYSE,12544
RIG,20250717 09:40:03.108000,2154765,200,1241259,2.56,PACF,12544
RIG,20250717 09:40:03.108000,2154764,200,1241059,2.56,BATS,12544
RIG,20250717 09:40:03.108000,2154763,200,1240859,2.56,EDGX,12544
RIG,20250717 09:40:03.109000,2154770,200,1241959,2.56,NQEX,12544
RIG,20250717 09:40:10.070000,2171953,17001,1260060,2.57,NYSE,12639
RIG,20250717 09:40:10.070000,2171952,100,1243059,2.57,PACF,12639
RIG,20250717 09:40:10.070000,2171950,100,1242059,2.57,PACF,12639
RIG,20250717 09:40:10.070000,2171961,200,1261810,2.57,EDGX,12639
RIG,20250717 09:40:10.070000,2171951,900,1242959,2.57,PACF,12639
RIG,20250717 09:40:10.070000,2171962,500,1262310,2.57,BATS,12639
RIG,20250717 09:40:10.070000,2171954,100,1260160,2.57,EDGX,12639
RIG,20250717 09:40:10.070000,2171960,300,1261610,2.57,BATS,12639
RIG,20250717 09:40:10.070000,2171959,10,1261310,2.57,CHIC,12659
RIG,20250717 09:40:10.070000,2171957,100,1260900,2.57,EDGE,12639
RIG,20250717 09:40:10.070000,2171958,400,1261300,2.57,BATS,12639
RIG,20250717 09:40:10.070000,2171955,200,1260360,2.57,EDGE,12639
RIG,20250717 09:40:10.070000,2171956,440,1260800,2.57,BATS,12639
RIG,20250717 09:40:10.071000,2171965,200,1262710,2.57,NQEX,12639
RIG,20250717 09:40:10.071000,2171971,18,1263167,2.57,NQNX,12659
RIG,20250717 09:40:10.071000,2171970,11,1263149,2.57,NQNX,12659
RIG,20250717 09:40:10.071000,2171969,18,1263138,2.57,NQNX,12659
RIG,20250717 09:40:10.071000,2171967,10,1263120,2.57,NQEX,12659
RIG,20250717 09:40:10.071000,2171966,400,1263110,2.57,NQEX,12639
RIG,20250717 09:40:10.071000,2171964,200,1262510,2.57,NQEX,12639
RIG,20250717 09:40:10.078000,2171982,1900,1265067,2.57,NQNX,12544
RIG,20250717 09:40:16.464000,2186589,2,1265069,2.57,NQNX,12659
RIG,20250717 09:40:19.071000,2191447,100,1265469,2.57,NYSE,12544
RIG,20250717 09:40:19.071000,2191451,200,1265669,2.57,NQEX,12544
RIG,20250717 09:40:19.071000,2191445,100,1265269,2.57,EDGX,12544
RIG,20250717 09:40:19.071000,2191446,100,1265369,2.57,PACF,12544
RIG,20250717 09:40:19.071000,2191444,100,1265169,2.57,BATS,12544
RIG,20250717 09:40:19.166000,2191577,300,1266981,2.57,NQEX,12544
RIG,20250717 09:40:19.166000,2191576,200,1266681,2.57,NYSE,12544
RIG,20250717 09:40:19.166000,2191574,300,1266269,2.57,PACF,12544
RIG,20250717 09:40:19.166000,2191575,212,1266481,2.57,EDGX,12544
RIG,20250717 09:40:19.166000,2191573,300,1265969,2.57,BATS,12544
RIG,20250717 09:40:21.575000,2195103,100,1267081,2.57,IEX,12544
RIG,20250717 09:40:23.085000,2199224,500,1267581,2.57,NQNX,12544
RIG,20250717 09:40:24.059000,2200693,400,1267981,2.57,NQNX,12544
RIG,20250717 09:40:25.114000,2202216,1,1267982,2.58,NQNX,12659
RIG,20250717 09:40:26.480000,2204750,8000,1275982,2.57,NQNX,12544
RIG,20250717 09:40:27.004000,2205705,90,1276072,2.57,NQNX,12659
RIG,20250717 09:40:27.268000,2206242,98,1276170,2.57,NQNX,12659
RIG,20250717 09:40:27.270000,2206250,1400,1281595,2.57,NQNX,12544
RIG,20250717 09:40:27.270000,2206248,1425,1280195,2.57,NQNX,12544
RIG,20250717 09:40:27.270000,2206247,1300,1278770,2.57,NQNX,12544
RIG,20250717 09:40:27.270000,2206246,1300,1277470,2.57,NQNX,12544
RIG,20250717 09:40:27.271000,2206255,800,1284870,2.57,NQNX,12544
RIG,20250717 09:40:27.271000,2206254,175,1284070,2.57,NQNX,12544
RIG,20250717 09:40:27.271000,2206252,300,1283895,2.57,NQNX,12544
RIG,20250717 09:40:27.271000,2206251,2000,1283595,2.57,NQNX,12544
RIG,20250717 09:40:27.272000,2206258,5,1284875,2.57,NQNX,12659
RIG,20250717 09:40:27.278000,2206262,3000,1287875,2.57,NQNX,12544
RIG,20250717 09:40:28.092000,2208159,500,1288375,2.57,NQNX,12544
RIG,20250717 09:40:28.092000,2208160,500,1288875,2.57,NQNX,12544
RIG,20250717 09:40:28.092000,2208161,500,1289375,2.57,IEX,12544
RIG,20250717 09:40:28.092000,2208162,500,1289875,2.57,NQNX,12544
RIG,20250717 09:40:28.093000,2208164,500,1290964,2.57,NQNX,12544
RIG,20250717 09:40:28.093000,2208163,589,1290464,2.57,NQNX,12544
RIG,20250717 09:40:28.099000,2208170,400,1291764,2.57,NQNX,12544
RIG,20250717 09:40:28.099000,2208171,400,1292164,2.57,NQNX,12544
RIG,20250717 09:40:28.099000,2208169,400,1291364,2.57,NQNX,12544
RIG,20250717 09:40:28.100000,2208172,400,1292564,2.57,NQNX,12544
RIG,20250717 09:40:28.100000,2208173,400,1292964,2.57,NQNX,12544
RIG,20250717 09:40:28.100000,2208174,500,1293464,2.57,NQNX,12544
RIG,20250717 09:40:31.100000,2215080,2501,1295965,2.58,NQNX,12544
RIG,20250717 09:40:33.174000,2218747,90,1296055,2.58,NQNX,12659
RIG,20250717 09:40:38.190000,2227748,8,1296063,2.57,NQNX,12659
RIG,20250717 09:40:38.203000,2227782,1,1296064,2.57,NQNX,12640
RIG,20250717 09:40:38.846000,2228775,1,1296065,2.57,NQNX,12659
RIG,20250717 09:40:44.930000,2239757,300,1296365,2.57,NQNX,12544
RIG,20250717 09:40:52.906000,2254618,5,1296370,2.57,NYSE,12659
RIG,20250717 09:40:53.560000,2255451,100,1296670,2.58,PACF,12639
RIG,20250717 09:40:53.560000,2255450,100,1296570,2.58,BATS,12639
RIG,20250717 09:40:53.560000,2255449,100,1296470,2.58,EDGX,12639
RIG,20250717 09:40:53.561000,2255454,100,1296770,2.58,IEX,12544
RIG,20250717 09:40:53.561000,2255455,100,1296870,2.57,NQNX,12544
RIG,20250717 09:40:53.958000,2256110,17,1296887,2.58,NQNX,12659
RIG,20250717 09:40:55.334000,2258483,20,1296907,2.57,EDGX,12659
RIG,20250717 09:40:55.757000,2259348,600,1297507,2.57,NQNX,12544
RIG,20250717 09:40:56.552000,2260882,5,1297512,2.57,NQEX,12659
RIG,20250717 09:40:57.462000,2262632,5,1297517,2.57,PACF,12659
RIG,20250717 09:40:57.470000,2262638,1,1297518,2.57,NQNX,12659
RIG,20250717 09:41:05.082000,2279485,10,1297528,2.57,NTRF,12659
RIG,20250717 09:41:05.642000,2281307,1,1297529,2.57,NQNX,12659
RIG,20250717 09:41:11.912000,2296547,1,1297530,2.57,NQNX,12659
RIG,20250717 09:41:12.910000,2298441,86,1297616,2.57,EDGX,12659
RIG,20250717 09:41:13.917000,2300447,1,1297617,2.57,EDGX,12659
RIG,20250717 09:41:15.918000,2304422,2,1297619,2.57,EDGX,12659
RIG,20250717 09:41:16.925000,2306309,1,1297620,2.57,EDGX,12659
RIG,20250717 09:41:17.938000,2308960,1,1297621,2.57,EDGX,12659
RIG,20250717 09:41:18.943000,2311252,1,1297622,2.57,EDGX,12659
RIG,20250717 09:41:19.397000,2312415,200,1297822,2.57,NQNX,12544
RIG,20250717 09:41:19.945000,2313108,1,1297823,2.57,EDGX,12659
RIG,20250717 09:41:20.946000,2315307,1,1297824,2.57,EDGX,12659
RIG,20250717 09:41:25.090000,2325255,8,1297832,2.58,NQNX,12659
RIG,20250717 09:41:25.090000,2325256,8,1297840,2.57,NQNX,12659
RIG,20250717 09:41:25.095000,2325263,960,1298800,2.58,NQNX,12544
RIG,20250717 09:41:37.780000,2352137,1500,1300300,2.57,NQNX,12544
RIG,20250717 09:41:39.878000,2355987,800,1301100,2.57,NQNX,12544
RIG,20250717 09:41:44.159000,2365501,120,1301220,2.57,NQNX,12544
RIG,20250717 09:41:46.078000,2369312,500,1301720,2.57,NQNX,12544
RIG,20250717 09:41:46.844000,2370657,7,1301727,2.57,NQNX,12659
RIG,20250717 09:41:57.576000,2391863,150,1301877,2.57,NQNX,12544
RIG,20250717 09:41:59.631000,2397071,8,1301885,2.58,NTRF,12659
RIG,20250717 09:42:03.094000,2406498,3500,1305385,2.57,NQNX,12544
RIG,20250717 09:42:05.095000,2412567,800,1306185,2.57,NQNX,12544
RIG,20250717 09:42:05.095000,2412568,1200,1307385,2.57,NQNX,12544
RIG,20250717 09:42:05.095000,2412569,400,1307785,2.57,IEX,12544
RIG,20250717 09:42:05.095000,2412570,1100,1308885,2.57,NQNX,12544
RIG,20250717 09:42:05.095000,2412571,1299,1310184,2.57,NQNX,12544
RIG,20250717 09:42:05.095000,2412573,1200,1311384,2.57,NQNX,12544
RIG,20250717 09:42:05.096000,2412574,1200,1312584,2.57,NQNX,12544
RIG,20250717 09:42:05.096000,2412576,500,1313484,2.57,NQNX,12544
RIG,20250717 09:42:05.096000,2412575,400,1312984,2.57,NQNX,12544
RIG,20250717 09:42:05.097000,2412577,1000,1314484,2.57,NQNX,12544
RIG,20250717 09:42:05.412000,2413372,1500,1315984,2.57,NQNX,12544
RIG,20250717 09:42:05.412000,2413373,1500,1317484,2.57,NQNX,12544
RIG,20250717 09:42:08.098000,2421478,300,1317784,2.57,IEX,12544
RIG,20250717 09:42:13.106000,2432437,500,1318284,2.57,IEX,12544
RIG,20250717 09:42:13.112000,2432441,4843,1323127,2.57,IEX,12544
RIG,20250717 09:42:15.112000,2438243,1590,1324717,2.58,NQNX,12544
RIG,20250717 09:42:21.239000,2450775,100,1324817,2.57,NQEX,12544
RIG,20250717 09:42:21.239000,2450776,800,1325617,2.57,NQEX,12544
RIG,20250717 09:42:21.243000,2450784,100,1325717,2.57,NQNX,12544
RIG,20250717 09:42:26.523000,2463046,100,1325817,2.57,NQEX,12544
RIG,20250717 09:42:28.766000,2467502,500,1326317,2.57,NQNX,12544
RIG,20250717 09:42:45.680000,2510604,500,1326817,2.58,EDGX,12544
RIG,20250717 09:42:45.682000,2510606,800,1327617,2.57,NQNX,12544
RIG,20250717 09:42:48.018000,2514980,5900,1333517,2.57,NQNX,12544
RIG,20250717 09:42:52.735000,2523536,4000,1337517,2.57,NQNX,12544
RIG,20250717 09:42:55.679000,2529614,1,1337518,2.57,NQNX,12659
RIG,20250717 09:42:57.090000,2534339,500,1338018,2.57,NQNX,12544
RIG,20250717 09:43:01.566000,2543257,15,1338033,2.57,NTRF,12659
RIG,20250717 09:43:01.567000,2543258,1,1338034,2.57,NTRF,12640
RIG,20250717 09:43:05.532000,2554708,2000,1340034,2.57,NQNX,12544
RIG,20250717 09:43:06.274000,2556151,157,1340191,2.58,NQNX,12544
RIG,20250717 09:43:07.086000,2558402,400,1381146,2.58,PACF,12544
RIG,20250717 09:43:07.086000,2558395,100,1375125,2.58,EDGX,12639
RIG,20250717 09:43:07.086000,2558396,400,1375525,2.58,PACF,12639
RIG,20250717 09:43:07.086000,2558403,400,1381546,2.58,EDGX,12544
RIG,20250717 09:43:07.086000,2558406,100,1381646,2.58,MIAX,12639
RIG,20250717 09:43:07.086000,2558400,4221,1380746,2.58,NYSE,12639
RIG,20250717 09:43:07.086000,2558411,500,1382346,2.58,NQEX,12639
RIG,20250717 09:43:07.086000,2558409,100,1381746,2.58,NQEX,12639
RIG,20250717 09:43:07.086000,2558393,100,1374925,2.58,PACF,12639
RIG,20250717 09:43:07.086000,2558397,400,1375925,2.58,BATS,12639
RIG,20250717 09:43:07.086000,2558398,100,1376025,2.58,PACF,12639
RIG,20250717 09:43:07.086000,2558399,500,1376525,2.58,BATS,12639
RIG,20250717 09:43:07.086000,2558410,100,1381846,2.58,NQEX,12639
RIG,20250717 09:43:07.086000,2558394,100,1375025,2.58,PACF,12639
RIG,20250717 09:43:07.086000,2558382,500,1340691,2.58,MEMX,12639
RIG,20250717 09:43:07.086000,2558412,400,1382746,2.58,NQEX,12639
RIG,20250717 09:43:07.086000,2558413,100,1382846,2.58,NQEX,12639
RIG,20250717 09:43:07.086000,2558388,200,1373591,2.58,BATS,12639
RIG,20250717 09:43:07.086000,2558389,473,1374064,2.58,PACF,12639
RIG,20250717 09:43:07.086000,2558390,100,1374164,2.58,EDGX,12639
RIG,20250717 09:43:07.086000,2558391,611,1374775,2.58,PACF,12639
RIG,20250717 09:43:07.086000,2558384,200,1352391,2.58,BATS,12639
RIG,20250717 09:43:07.086000,2558385,20000,1372391,2.58,EDGX,12639
RIG,20250717 09:43:07.086000,2558392,50,1374825,2.58,BATS,12659
RIG,20250717 09:43:07.086000,2558386,600,1372991,2.58,BATS,12639
RIG,20250717 09:43:07.086000,2558387,400,1373391,2.58,EDGX,12639
RIG,20250717 09:43:07.086000,2558383,11500,1352191,2.58,EDGX,12639
RIG,20250717 09:43:07.087000,2558433,16,1382862,2.58,NQNX,12659
RIG,20250717 09:43:07.087000,2558437,19,1382881,2.58,NQNX,12659
RIG,20250717 09:43:07.089000,2558449,16,1382897,2.58,NQNX,12659
RIG,20250717 09:43:07.461000,2559296,3,1382900,2.58,NQNX,12659
RIG,20250717 09:43:08.526000,2561255,1600,1384500,2.58,NQNX,12544
RIG,20250717 09:43:12.339000,2568290,100,1384600,2.58,NTRF,12544
RIG,20250717 09:43:13.828000,2571374,1700,1386300,2.58,NQNX,12544
RIG,20250717 09:43:14.795000,2573187,250,1386550,2.58,NQNX,12544
RIG,20250717 09:43:17.796000,2579281,2542,1389092,2.59,NQNX,12544
RIG,20250717 09:43:17.798000,2579299,5,1389097,2.58,NQNX,12659
RIG,20250717 09:43:18.107000,2580399,100,1389197,2.58,NTRF,12544
RIG,20250717 09:43:18.684000,2581336,100,1389297,2.58,EDGX,12544
RIG,20250717 09:43:19.560000,2582925,100,1389397,2.58,NQNX,12544
RIG,20250717 09:43:22.858000,2589558,2000,1391397,2.58,NQNX,12544
RIG,20250717 09:43:26.322000,2595841,5000,1396397,2.58,NQNX,12544
RIG,20250717 09:43:27.852000,2598488,200,1396597,2.58,NTRF,12544
RIG,20250717 09:43:27.854000,2598490,4250,1400847,2.58,NQNX,12544
RIG,20250717 09:43:27.855000,2598493,4250,1405097,2.58,NQNX,12544
RIG,20250717 09:43:27.856000,2598496,200,1406697,2.58,NQNX,12544
RIG,20250717 09:43:27.856000,2598498,800,1407697,2.58,NQNX,12544
RIG,20250717 09:43:27.856000,2598497,200,1406897,2.58,NQNX,12544
RIG,20250717 09:43:27.856000,2598495,1400,1406497,2.58,NQNX,12544
RIG,20250717 09:43:27.857000,2598501,3772,1411469,2.58,NQNX,12544
RIG,20250717 09:43:27.861000,2598515,100,1438035,2.58,NQEX,12544
RIG,20250717 09:43:27.861000,2598516,100,1438135,2.58,NQEX,12544
RIG,20250717 09:43:27.861000,2598513,900,1437896,2.58,NQEX,12544
RIG,20250717 09:43:27.861000,2598514,39,1437935,2.58,NQEX,12659
RIG,20250717 09:43:27.861000,2598506,19049,1430518,2.58,NQNX,12544
RIG,20250717 09:43:27.861000,2598507,800,1431318,2.58,PACF,12544
RIG,20250717 09:43:27.861000,2598509,100,1431457,2.58,PACF,12544
RIG,20250717 09:43:27.861000,2598508,39,1431357,2.58,PACF,12659
RIG,20250717 09:43:27.861000,2598510,3539,1434996,2.58,NYSE,12544
RIG,20250717 09:43:27.861000,2598511,1000,1435996,2.58,AMEX,12544
RIG,20250717 09:43:27.861000,2598512,1000,1436996,2.59,BATY,12639
RIG,20250717 09:43:27.872000,2598526,100,1441235,2.59,MEMX,12639
RIG,20250717 09:43:27.872000,2598527,400,1441635,2.59,MEMX,12639
RIG,20250717 09:43:27.872000,2598525,400,1441135,2.59,BATS,12639
RIG,20250717 09:43:27.872000,2598529,400,1444435,2.59,MEMX,12639
RIG,20250717 09:43:27.872000,2598530,400,1444835,2.59,EDGX,12639
RIG,20250717 09:43:27.872000,2598556,200,1460812,2.59,NQEX,12639
RIG,20250717 09:43:27.872000,2598555,1300,1460612,2.59,NQEX,12639
RIG,20250717 09:43:27.872000,2598554,1000,1459312,2.59,NQEX,12639
RIG,20250717 09:43:27.872000,2598553,400,1458312,2.59,NQEX,12639
RIG,20250717 09:43:27.872000,2598552,178,1457912,2.59,PACF,12639
RIG,20250717 09:43:27.872000,2598550,822,1457734,2.59,PACF,12544
RIG,20250717 09:43:27.872000,2598558,200,1461012,2.59,NQEX,12639
RIG,20250717 09:43:27.872000,2598546,300,1456712,2.59,BATS,12639
RIG,20250717 09:43:27.872000,2598545,400,1456412,2.59,BATS,12639
RIG,20250717 09:43:27.872000,2598544,327,1456012,2.59,PACF,12639
RIG,20250717 09:43:27.872000,2598543,100,1455685,2.59,PACF,12639
RIG,20250717 09:43:27.872000,2598542,100,1455585,2.59,PACF,12639
RIG,20250717 09:43:27.872000,2598541,100,1455485,2.59,PACF,12639
RIG,20250717 09:43:27.872000,2598547,200,1456912,2.59,BATS,12639
RIG,20250717 09:43:27.872000,2598531,100,1444935,2.59,BATS,12639
RIG,20250717 09:43:27.872000,2598532,100,1445035,2.59,EDGX,12639
RIG,20250717 09:43:27.872000,2598565,400,1462814,2.59,PACF,12544
RIG,20250717 09:43:27.872000,2598540,2100,1455385,2.59,BATS,12639
RIG,20250717 09:43:27.872000,2598533,200,1445235,2.59,BATS,12639
RIG,20250717 09:43:27.872000,2598534,100,1445335,2.59,EDGX,12639
RIG,20250717 09:43:27.872000,2598559,2,1461014,2.59,NQEX,12659
RIG,20250717 09:43:27.872000,2598536,1300,1447035,2.59,EDGX,12639
RIG,20250717 09:43:27.872000,2598537,100,1447135,2.59,BATS,12639
RIG,20250717 09:43:27.872000,2598538,5810,1452945,2.59,NYSE,12639
RIG,20250717 09:43:27.872000,2598539,340,1453285,2.59,PACF,12639
RIG,20250717 09:43:27.872000,2598564,1300,1462414,2.59,MIAX,12639
RIG,20250717 09:43:27.872000,2598560,100,1461114,2.59,NQEX,12639
RIG,20250717 09:43:27.872000,2598535,400,1445735,2.59,PACF,12639
RIG,20250717 09:43:27.872000,2598524,1500,1440735,2.59,BATS,12639
RIG,20250717 09:43:27.872000,2598528,2400,1444035,2.59,MEMX,12639
RIG,20250717 09:43:27.872000,2598523,100,1439235,2.59,AMEX,12639
RIG,20250717 09:43:27.872000,2598522,1000,1439135,2.59,BATY,12639
RIG,20250717 09:43:27.873000,2598573,1600,1467556,2.59,NQEX,12544
RIG,20250717 09:43:27.873000,2598570,1300,1464556,2.59,NQEX,12544
RIG,20250717 09:43:27.873000,2598574,300,1467856,2.59,EDGX,12639
RIG,20250717 09:43:27.873000,2598567,100,1462930,2.59,PACF,12639
RIG,20250717 09:43:27.873000,2598586,26,1473477,2.59,NQEX,12659
RIG,20250717 09:43:27.873000,2598587,10,1473487,2.59,NQEX,12659
RIG,20250717 09:43:27.873000,2598588,900,1474387,2.59,NQEX,12639
RIG,20250717 09:43:27.873000,2598568,300,1463230,2.59,PACF,12639
RIG,20250717 09:43:27.873000,2598569,26,1463256,2.59,MEMX,12659
RIG,20250717 09:43:27.873000,2598585,11,1473451,2.59,NQNX,12659
RIG,20250717 09:43:27.873000,2598584,350,1473440,2.59,BATS,12639
RIG,20250717 09:43:27.873000,2598578,10,1471166,2.59,MEMX,12659
RIG,20250717 09:43:27.873000,2598566,16,1462830,2.59,NQNX,12659
RIG,20250717 09:43:27.873000,2598571,400,1464956,2.59,NQEX,12544
RIG,20250717 09:43:27.873000,2598572,1000,1465956,2.59,NQEX,12544
RIG,20250717 09:43:27.873000,2598579,50,1471216,2.59,NQEX,12659
RIG,20250717 09:43:27.873000,2598575,1300,1469156,2.59,BATS,12639
RIG,20250717 09:43:27.873000,2598576,1600,1470756,2.59,BATS,12639
RIG,20250717 09:43:27.873000,2598580,1000,1472216,2.59,PACF,12639
RIG,20250717 09:43:27.873000,2598581,264,1472480,2.59,MEMX,12639
RIG,20250717 09:43:27.873000,2598582,10,1472490,2.59,NYSE,12659
RIG,20250717 09:43:27.873000,2598577,400,1471156,2.59,BATS,12639
RIG,20250717 09:43:27.873000,2598583,600,1473090,2.59,BATS,12639
RIG,20250717 09:43:27.875000,2598590,13700,1488087,2.59,NQNX,12544
RIG,20250717 09:43:27.875000,2598591,500,1488587,2.59,NYSE,12544
RIG,20250717 09:43:27.875000,2598592,1650,1490237,2.59,NYSE,12544
RIG,20250717 09:43:27.879000,2598594,800,1491037,2.59,NQNX,12544
RIG,20250717 09:43:27.882000,2598627,300,1491337,2.59,NQNX,12544
RIG,20250717 09:43:28.545000,2600584,63,1491400,2.59,NQNX,12659
RIG,20250717 09:43:29.139000,2601528,5800,1497200,2.59,IEX,12544
RIG,20250717 09:43:30.115000,2602688,2200,1499400,2.59,NQNX,12544
RIG,20250717 09:43:30.145000,2602771,500,1499900,2.59,NQNX,12544
RIG,20250717 09:43:31.010000,2604758,100,1500000,2.59,NQNX,12544
RIG,20250717 09:43:31.147000,2604934,2170,1502170,2.59,NQNX,12544
RIG,20250717 09:43:32.025000,2606705,100,1502270,2.59,NQNX,12544
RIG,20250717 09:43:34.583000,2611826,100,1502370,2.59,NQNX,12544
RIG,20250717 09:43:43.943000,2632112,2000,1504370,2.59,NQNX,12544
RIG,20250717 09:43:44.504000,2633111,400,1504770,2.59,NQNX,12544
RIG,20250717 09:43:44.505000,2633117,4250,1509020,2.59,NQNX,12544
RIG,20250717 09:43:44.506000,2633118,4250,1513270,2.59,NQNX,12544
RIG,20250717 09:43:45.395000,2634341,1117,1514387,2.59,NQNX,12544
RIG,20250717 09:43:46.396000,2635918,1751,1516138,2.59,NQNX,12544
RIG,20250717 09:43:50.877000,2644474,73,1516211,2.59,EDGX,12659
RIG,20250717 09:43:56.397000,2652912,1943,1518154,2.59,NQNX,12544
RIG,20250717 09:43:56.614000,2653149,1500,1519654,2.59,NQNX,12544
RIG,20250717 09:43:58.975000,2656465,90,1519744,2.59,NQNX,12659
RIG,20250717 09:43:59.030000,2656555,389,1520133,2.59,NTRF,12544
RIG,20250717 09:43:59.047000,2656573,8000,1528133,2.59,NQNX,12544
RIG,20250717 09:44:00.418000,2659102,1,1528134,2.6,NQNX,12659
RIG,20250717 09:44:06.355000,2670106,1700,1529834,2.59,NQEX,12544
RIG,20250717 09:44:07.393000,2672361,1000,1530834,2.59,PACF,12544
RIG,20250717 09:44:07.866000,2673078,384,1531218,2.59,NQNX,12544
RIG,20250717 09:44:10.006000,2676913,5,1531223,2.59,NQNX,12659
RIG,20250717 09:44:11.054000,2679133,45,1531268,2.6,NQNX,12659
RIG,20250717 09:44:11.904000,2681210,374,1531662,2.59,NQNX,12544
RIG,20250717 09:44:11.904000,2681208,10,1531278,2.6,NQNX,12659
RIG,20250717 09:44:11.904000,2681209,10,1531288,2.59,NQNX,12659
RIG,20250717 09:44:13.578000,2685566,105,1531767,2.59,NQNX,12544
RIG,20250717 09:44:13.683000,2685896,374,1532141,2.59,NQNX,12544
RIG,20250717 09:44:13.961000,2686581,1,1532142,2.59,NQNX,12659
RIG,20250717 09:44:13.962000,2686586,2107,1534249,2.59,NQNX,12544
RIG,20250717 09:44:13.966000,2686589,1800,1536049,2.59,NQNX,12544
RIG,20250717 09:44:15.052000,2688621,25,1536074,2.59,NQNX,12659
RIG,20250717 09:44:21.385000,2700817,45,1536119,2.6,NQNX,12659
RIG,20250717 09:44:33.575000,2722141,26,1536145,2.6,NQNX,12659
RIG,20250717 09:44:35.589000,2725359,97,1536242,2.6,NYSE,12659
RIG,20250717 09:44:35.728000,2725532,509,1536751,2.6,NQNX,12544
RIG,20250717 09:44:35.738000,2725542,1,1536752,2.6,NQNX,12659
RIG,20250717 09:44:35.827000,2725617,194,1536946,2.6,NQNX,12544
RIG,20250717 09:44:35.944000,2725768,1923,1538869,2.59,NQNX,12544
RIG,20250717 09:44:36.003000,2725884,1,1538870,2.59,NQNX,12659
RIG,20250717 09:44:37.467000,2728583,10,1569765,2.6,NQEX,12659
RIG,20250717 09:44:37.467000,2728582,200,1569755,2.6,NQEX,12639
RIG,20250717 09:44:37.467000,2728581,19730,1569555,2.6,NQEX,12639
RIG,20250717 09:44:37.467000,2728580,4570,1549825,2.6,NQEX,12639
RIG,20250717 09:44:37.467000,2728579,330,1545255,2.6,NQEX,12639
RIG,20250717 09:44:37.467000,2728578,500,1544925,2.6,NQEX,12639
RIG,20250717 09:44:37.467000,2728572,19,1538889,2.6,NQNX,12659
RIG,20250717 09:44:37.467000,2728577,100,1544425,2.6,NQEX,12639
RIG,20250717 09:44:37.467000,2728576,400,1544325,2.6,NQEX,12639
RIG,20250717 09:44:37.467000,2728575,100,1543925,2.6,NQEX,12639
RIG,20250717 09:44:37.467000,2728574,4060,1543825,2.6,NYSE,12639
RIG,20250717 09:44:37.467000,2728573,876,1539765,2.6,NQNX,12544
RIG,20250717 09:44:37.468000,2728585,500,1573018,2.6,PACF,12544
RIG,20250717 09:44:37.468000,2728584,2753,1572518,2.6,NYSE,12544
RIG,20250717 09:44:37.468000,2728587,161,1573279,2.6,PACF,12544
RIG,20250717 09:44:37.468000,2728588,165,1573444,2.6,PACF,12544
RIG,20250717 09:44:37.468000,2728589,74,1573518,2.6,PACF,12659
RIG,20250717 09:44:37.468000,2728590,400,1573918,2.6,BATS,12544
RIG,20250717 09:44:37.468000,2728591,100,1574018,2.6,EDGX,12544
RIG,20250717 09:44:37.468000,2728592,100,1574118,2.6,BATS,12544
RIG,20250717 09:44:37.468000,2728593,200,1574318,2.6,BATS,12544
RIG,20250717 09:44:37.468000,2728586,100,1573118,2.6,PACF,12544
RIG,20250717 09:44:37.468000,2728594,26,1574344,2.6,PACF,12659
RIG,20250717 09:44:37.468000,2728595,400,1574744,2.6,EDGX,12544
RIG,20250717 09:44:37.469000,2728596,16,1574760,2.6,NQNX,12659
RIG,20250717 09:44:37.469000,2728597,900,1575660,2.6,NQEX,12544
RIG,20250717 09:44:37.471000,2728600,25700,1601419,2.6,NQNX,12544
RIG,20250717 09:44:37.471000,2728599,59,1575719,2.6,NQNX,12659
RIG,20250717 09:44:37.471000,2728601,8100,1609519,2.6,NQNX,12544
RIG,20250717 09:44:40.015000,2735115,3000,1612519,2.6,IEX,12544
RIG,20250717 09:44:40.101000,2735308,2800,1615319,2.6,IEX,12544
RIG,20250717 09:44:40.206000,2735491,2200,1617519,2.6,NQNX,12544
RIG,20250717 09:44:43.207000,2742096,1376,1618895,2.6,NQNX,12544
RIG,20250717 09:44:43.781000,2742989,100,1618995,2.6,NQNX,12544
RIG,20250717 09:44:52.208000,2759845,2138,1621133,2.6,NQNX,12544
RIG,20250717 09:44:52.209000,2759847,4250,1625383,2.6,NQNX,12544
RIG,20250717 09:44:52.210000,2759848,4250,1629633,2.6,NQNX,12544
RIG,20250717 09:44:52.211000,2759850,4250,1638133,2.6,NQNX,12544
