SymbolId,TradeTime,Index,Size,TotalVolume,Price,ReportingExchange,TradeCondition
DNN,20250717 04:00:00.052000,430,5,14,2.08,PACF,12545
DNN,20250717 04:00:01.282000,794,110,139,2.06,PACF,12545
DNN,20250717 04:00:03.950000,1196,2,141,2.04,EDGX,12545
DNN,20250717 04:00:45.694000,4224,48,241,2.04,PACF,12545
DNN,20250717 04:00:45.694000,4223,52,193,2.04,PACF,12545
DNN,20250717 04:02:32.306000,12211,40,281,2.04,PACF,12545
DNN,20250717 04:03:59.348000,18971,280,2293,2.04,PACF,12545
DNN,20250717 04:03:59.348000,18970,1732,2013,2.04,PACF,12545
DNN,20250717 04:03:59.349000,18974,1,2572,2.04,PACF,12545
DNN,20250717 04:03:59.349000,18973,212,2571,2.04,PACF,12545
DNN,20250717 04:03:59.349000,18975,1,2573,2.04,PACF,12545
DNN,20250717 04:03:59.349000,18972,66,2359,2.04,PACF,12545
DNN,20250717 04:03:59.349000,18976,2,2575,2.04,NQEX,12545
DNN,20250717 04:05:51.776000,24770,50,2625,2.04,PACF,12545
DNN,20250717 04:06:16.238000,25600,35,2660,2.04,PACF,12545
DNN,20250717 04:07:54.262000,28953,2,2664,2.04,PACF,12545
DNN,20250717 04:07:54.262000,28952,2,2662,2.04,PACF,12545
DNN,20250717 04:10:32.400000,33401,54,2718,2.04,PACF,12545
DNN,20250717 04:12:23.796000,36591,3,2721,2.04,PACF,12545
DNN,20250717 04:15:30.268000,41132,40,2761,2.04,PACF,12545
DNN,20250717 04:19:05.158000,46515,27,2788,2.04,PACF,12545
DNN,20250717 04:19:09.232000,46566,500,3288,2.04,EDGX,12545
DNN,20250717 04:19:29.409000,46909,27,3315,2.04,PACF,12545
DNN,20250717 04:21:14.751000,48864,1,5479,2.04,PACF,12545
DNN,20250717 04:21:14.751000,48870,8,5596,2.04,PACF,12545
DNN,20250717 04:21:14.751000,48865,1,5480,2.04,PACF,12545
DNN,20250717 04:21:14.751000,48866,51,5531,2.04,PACF,12545
DNN,20250717 04:21:14.751000,48867,20,5551,2.04,PACF,12545
DNN,20250717 04:21:14.751000,48868,2,5553,2.04,PACF,12545
DNN,20250717 04:21:14.751000,48869,35,5588,2.04,PACF,12545
DNN,20250717 04:21:14.751000,48863,1,5478,2.04,PACF,12545
DNN,20250717 04:21:14.751000,48860,3,5469,2.04,PACF,12545
DNN,20250717 04:21:14.751000,48862,5,5477,2.04,PACF,12545
DNN,20250717 04:21:14.751000,48848,1198,4513,2.04,EDGX,12545
DNN,20250717 04:21:14.751000,48849,100,4613,2.04,EDGX,12545
DNN,20250717 04:21:14.751000,48850,339,4952,2.04,PACF,12545
DNN,20250717 04:21:14.751000,48851,134,5086,2.04,PACF,12545
DNN,20250717 04:21:14.751000,48852,15,5101,2.04,PACF,12545
DNN,20250717 04:21:14.751000,48854,51,5386,2.04,PACF,12545
DNN,20250717 04:21:14.751000,48856,20,5421,2.04,PACF,12545
DNN,20250717 04:21:14.751000,48857,3,5424,2.04,PACF,12545
DNN,20250717 04:21:14.751000,48858,35,5459,2.04,PACF,12545
DNN,20250717 04:21:14.751000,48859,7,5466,2.04,PACF,12545
DNN,20250717 04:21:14.751000,48861,3,5472,2.04,PACF,12545
DNN,20250717 04:21:14.751000,48855,15,5401,2.04,PACF,12545
DNN,20250717 04:21:14.751000,48871,8,5604,2.04,PACF,12545
DNN,20250717 04:21:14.751000,48853,234,5335,2.04,PACF,12545
DNN,20250717 04:21:14.751000,48872,3,5607,2.04,PACF,12545
DNN,20250717 04:21:14.751000,48879,1,5620,2.04,PACF,12545
DNN,20250717 04:21:14.751000,48883,8,5685,2.04,PACF,12545
DNN,20250717 04:21:14.751000,48877,1,5618,2.04,PACF,12545
DNN,20250717 04:21:14.751000,48876,1,5617,2.04,PACF,12545
DNN,20250717 04:21:14.751000,48875,1,5616,2.04,PACF,12545
DNN,20250717 04:21:14.751000,48881,2,5642,2.04,PACF,12545
DNN,20250717 04:21:14.751000,48882,35,5677,2.04,PACF,12545
DNN,20250717 04:21:14.751000,48874,6,5615,2.04,PACF,12545
DNN,20250717 04:21:14.751000,48873,2,5609,2.04,PACF,12545
DNN,20250717 04:21:14.751000,48880,20,5640,2.04,PACF,12545
DNN,20250717 04:21:14.751000,48878,1,5619,2.04,PACF,12545
DNN,20250717 04:21:14.752000,48884,2,5687,2.04,PACF,12545
DNN,20250717 04:21:14.752000,48885,3,5690,2.04,PACF,12545
DNN,20250717 04:21:14.752000,48886,6,5696,2.04,PACF,12545
DNN,20250717 04:21:14.752000,48887,1,5697,2.04,PACF,12545
DNN,20250717 04:21:14.769000,48888,100,5797,2.04,PACF,12545
DNN,20250717 04:21:14.769000,48889,226,6023,2.04,EDGX,12545
DNN,20250717 04:21:14.769000,48890,226,6249,2.04,EDGX,12545
DNN,20250717 04:22:11.447000,49874,10,6259,2.04,EDGX,12545
DNN,20250717 04:25:13.315000,52944,55,6314,2.04,PACF,12545
DNN,20250717 04:25:47.942000,53541,400,6714,2.04,NQEX,12545
DNN,20250717 04:26:07.676000,53941,1000,7714,2.04,NQEX,12545
DNN,20250717 04:27:01.088000,55016,287,8001,2.04,PACF,12545
DNN,20250717 04:29:55.958000,58414,1,8002,2.04,EDGX,12545
DNN,20250717 04:30:30.931000,58915,1000,9002,2.04,NQEX,12545
DNN,20250717 04:34:37.290000,62581,2,9004,2.04,PACF,12545
DNN,20250717 04:38:52.461000,66965,892,9904,2.04,EDGX,12545
DNN,20250717 04:38:52.461000,66964,8,9012,2.04,EDGX,12545
DNN,20250717 04:40:04.470000,67821,43,9947,2.04,EDGX,12545
DNN,20250717 04:40:07.165000,67896,400,10347,2.04,NQEX,12545
DNN,20250717 04:44:21.517000,71878,200,10547,2.04,NQEX,12545
DNN,20250717 04:46:10.342000,73893,100,10647,2.04,PACF,12545
DNN,20250717 04:46:10.342000,73894,100,10747,2.04,EDGX,12545
DNN,20250717 04:46:10.344000,73895,100,10847,2.04,EDGX,12545
DNN,20250717 04:54:05.750000,80325,2,10849,2.04,EDGX,12545
DNN,20250717 04:54:05.750000,80326,69,10918,2.04,EDGX,12545
DNN,20250717 05:01:54.487000,88051,1,10919,2.04,PACF,12545
DNN,20250717 05:01:54.488000,88052,500,11419,2.04,MEMX,12545
DNN,20250717 05:01:59.300000,88095,2,11421,2.02,EDGX,12545
DNN,20250717 05:02:14.325000,88304,554,11975,2.02,PACF,12545
DNN,20250717 05:05:00.532000,91014,1,11976,2.04,MEMX,12545
DNN,20250717 05:10:17.018000,96438,349,12325,2.02,PACF,12545
DNN,20250717 05:22:50.723000,106954,1150,13475,2.02,PACF,12545
DNN,20250717 05:23:24.143000,107655,1000,14475,2.02,NQEX,12545
DNN,20250717 05:30:29.395000,113916,700,16175,2.02,EDGX,12545
DNN,20250717 05:30:29.395000,113915,1000,15475,2.02,EDGX,12545
DNN,20250717 05:31:07.588000,114536,38,16213,2.02,PACF,12545
DNN,20250717 05:35:08.255000,118378,490,16703,2.02,PACF,12545
DNN,20250717 05:35:08.255000,118379,200,16903,2.02,MEMX,12545
DNN,20250717 05:35:08.255000,118380,100,17003,2.02,EDGX,12545
DNN,20250717 05:35:08.255000,118381,210,17213,2.02,PACF,12545
DNN,20250717 05:35:08.269000,118382,162,17375,2.02,EDGX,12545
DNN,20250717 05:56:01.102000,132968,34,17409,2.04,PACF,12545
DNN,20250717 05:57:17.795000,134191,2,21200,2.02,BATS,12545
DNN,20250717 05:57:17.795000,134190,2000,21198,2.02,NQEX,12545
DNN,20250717 05:57:17.795000,134189,1,19198,2.02,PACF,12545
DNN,20250717 05:57:17.795000,134188,1,19197,2.02,PACF,12545
DNN,20250717 05:57:17.795000,134187,1,19196,2.02,PACF,12545
DNN,20250717 05:57:17.795000,134186,1,19195,2.02,PACF,12545
DNN,20250717 05:57:17.795000,134182,300,17709,2.02,EDGX,12545
DNN,20250717 05:57:17.795000,134183,1300,19009,2.02,EDGX,12545
DNN,20250717 05:57:17.795000,134184,10,19019,2.02,PACF,12545
DNN,20250717 05:57:17.795000,134185,175,19194,2.02,PACF,12545
DNN,20250717 05:57:20.020000,134258,10,23758,2,EDGX,12545
DNN,20250717 05:57:20.020000,134251,3,21203,2,BATS,12545
DNN,20250717 05:57:20.020000,134252,616,21819,2,PACF,12545
DNN,20250717 05:57:20.020000,134253,535,22354,2,PACF,12545
DNN,20250717 05:57:20.020000,134254,40,22394,2,MEMX,12545
DNN,20250717 05:57:20.020000,134255,5,22399,2,EDGX,12545
DNN,20250717 05:57:20.020000,134256,349,22748,2,PACF,12545
DNN,20250717 05:57:20.020000,134259,65,23823,2,EDGX,12545
DNN,20250717 05:57:20.020000,134257,1000,23748,2,PACF,12545
DNN,20250717 05:57:20.020000,134260,500,24323,2,EDGX,12545
DNN,20250717 05:57:20.021000,134261,200,24523,2,EDGX,12545
DNN,20250717 05:58:47.709000,135276,734,25323,2,PACF,12545
DNN,20250717 05:58:47.709000,135275,66,24589,2,PACF,12545
DNN,20250717 06:02:53.746000,138296,12,25335,2,EDGX,12545
DNN,20250717 06:08:11.202000,141842,500,25835,2,EDGX,12545
DNN,20250717 06:33:21.889000,157452,60,25895,2,PACF,12545
DNN,20250717 06:34:52.174000,158239,165,26060,2,PACF,12545
DNN,20250717 06:35:29.588000,158622,300,26360,2,PACF,12545
DNN,20250717 06:38:12.119000,160477,599,26959,2,NQEX,12545
DNN,20250717 06:42:11.760000,163124,800,27759,1.99,NQEX,12545
DNN,20250717 06:43:59.663000,164733,200,27959,1.99,PACF,12545
DNN,20250717 06:44:38.767000,165246,1358,30558,2,EDGX,12545
DNN,20250717 06:44:38.767000,165245,1241,29200,2,PACF,12545
DNN,20250717 06:44:38.767000,165247,2401,32959,2,NQEX,12545
DNN,20250717 06:45:35.790000,166147,220,36209,2,EDGX,12545
DNN,20250717 06:45:35.790000,166145,2900,35859,2,BATS,12545
DNN,20250717 06:45:35.790000,166146,130,35989,2,EDGX,12545
DNN,20250717 06:45:35.790000,166148,125,36334,2,EDGX,12545
DNN,20250717 06:45:38.674000,166201,43,36377,2.02,MEMX,12545
DNN,20250717 06:45:38.676000,166202,32,36409,2.02,PACF,12545
DNN,20250717 06:47:42.336000,167400,165,36574,2,PACF,12545
DNN,20250717 06:48:28.834000,168036,60,36634,2.02,PACF,12545
DNN,20250717 06:49:50.650000,169705,1460,38094,2,PACF,12545
DNN,20250717 06:49:50.650000,169706,100,38194,2,MEMX,12545
DNN,20250717 06:49:50.655000,169707,1440,39634,2,PACF,12545
DNN,20250717 06:51:42.572000,171731,10,39644,2.02,PACF,12545
DNN,20250717 06:57:30.183000,177012,2500,42144,2,PACF,12545
DNN,20250717 06:57:30.183000,177013,500,42644,2,EDGX,12545
DNN,20250717 07:00:00.069000,180272,100,42744,2.02,EDGX,12545
DNN,20250717 07:00:00.072000,180293,500,43244,2.02,EDGX,12545
DNN,20250717 07:03:39.464000,190291,100,43344,2,EDGX,12545
DNN,20250717 07:03:57.677000,190927,5000,48344,2.02,PACF,12545
DNN,20250717 07:03:57.678000,190929,2,50506,2.02,NQEX,12545
DNN,20250717 07:03:57.678000,190928,2160,50504,2.02,PACF,12545
DNN,20250717 07:05:05.031000,192737,2000,52506,2.02,PACF,12545
DNN,20250717 07:05:15.406000,192997,250,52756,2.02,PACF,12545
DNN,20250717 07:18:06.456000,204274,90,52846,2.02,EDGX,12545
DNN,20250717 07:20:13.579000,206141,736,53582,2.02,EDGX,12545
DNN,20250717 07:21:02.945000,206758,2,53584,2.02,EDGX,12545
DNN,20250717 07:21:50.273000,207530,100,53684,2.02,MEMX,12545
DNN,20250717 07:21:50.273000,207531,178,53862,2.02,PACF,12545
DNN,20250717 07:21:50.273000,207533,172,54034,2.02,EDGX,12545
DNN,20250717 07:21:50.274000,207534,100,54134,2.02,NQEX,12545
DNN,20250717 07:21:50.278000,207535,100,54234,2.02,PACF,12545
DNN,20250717 07:21:52.548000,207608,1,54235,2.02,PACF,12545
DNN,20250717 07:24:27.579000,212607,998,55235,2,EDGX,12545
DNN,20250717 07:24:27.579000,212606,2,54237,2,EDGX,12545
DNN,20250717 07:24:59.375000,213040,564,55799,2.02,EDGX,12545
DNN,20250717 07:25:15.533000,213233,800,56599,2.02,PACF,12545
DNN,20250717 07:27:12.865000,215324,1,56600,2.02,PACF,12545
DNN,20250717 07:30:17.316000,218022,100,56700,2.02,MEMX,12545
DNN,20250717 07:30:17.316000,218023,666,57366,2.02,PACF,12545
DNN,20250717 07:31:26.084000,219321,28,57394,2,PACF,12545
DNN,20250717 07:33:06.369000,221736,100,57494,2.02,MEMX,12545
DNN,20250717 07:33:06.369000,221737,3200,60694,2.02,MEMX,12545
DNN,20250717 07:33:06.369000,221738,1700,62394,2.02,PACF,12545
DNN,20250717 07:33:39.595000,222223,1832,64226,2.02,PACF,12545
DNN,20250717 07:33:39.595000,222224,100,64326,2.02,PACF,12545
DNN,20250717 07:33:39.595000,222225,1500,65826,2.02,PACF,12545
DNN,20250717 07:33:39.595000,222226,100,65926,2.02,MEMX,12545
DNN,20250717 07:33:39.596000,222228,3500,69428,2.02,PACF,12545
DNN,20250717 07:33:39.596000,222227,2,65928,2.02,NQEX,12545
DNN,20250717 07:33:39.596000,222230,470,72864,2.02,NQEX,12545
DNN,20250717 07:33:39.596000,222229,2966,72394,2.02,PACF,12545
DNN,20250717 07:33:39.604000,222232,100,73064,2.02,PACF,12545
DNN,20250717 07:33:39.604000,222233,500,73564,2.02,PACF,12545
DNN,20250717 07:33:39.604000,222231,100,72964,2.02,PACF,12545
DNN,20250717 07:35:18.904000,223948,1893,75457,2,MEMX,12545
DNN,20250717 07:36:20.366000,224995,500,75957,2.02,PACF,12545
DNN,20250717 07:41:58.444000,229454,335,76292,2.02,PACF,12545
DNN,20250717 07:42:54.415000,230171,500,76792,2.02,PACF,12545
DNN,20250717 07:50:48.635000,239177,100,76892,2.02,PACF,12545
DNN,20250717 07:54:21.496000,242103,100,76992,2.02,PACF,12545
DNN,20250717 08:00:00.076000,248716,5000,81992,2.02,NQNX,12545
DNN,20250717 08:00:00.164000,249699,50,82042,2,NQNX,12545
DNN,20250717 08:00:00.207000,250432,50,82092,2,NQNX,12545
DNN,20250717 08:00:00.256000,250984,2,82094,2.02,NQNX,12545
DNN,20250717 08:00:00.261000,251050,270,82364,2.02,NQNX,12545
DNN,20250717 08:00:00.264000,251077,3,82367,2.02,NQNX,12545
DNN,20250717 08:00:00.285000,251306,1000,83367,2.02,NQNX,12545
DNN,20250717 08:00:00.324000,251806,4500,87867,2,NQNX,12545
DNN,20250717 08:00:00.539000,253098,12,87879,2,NQNX,12545
DNN,20250717 08:00:00.698000,253866,5,87884,2,NQNX,12545
DNN,20250717 08:00:00.712000,253949,10,87894,2,NQNX,12545
DNN,20250717 08:00:00.739000,254090,60,87954,2,NQNX,12545
DNN,20250717 08:00:00.823000,254532,45,87999,2.01,NQNX,12545
DNN,20250717 08:00:00.868000,254873,100,88099,2,NQNX,12545
DNN,20250717 08:00:00.962000,255524,250,88349,2.01,NQNX,12545
DNN,20250717 08:00:00.996000,255812,100,88449,2.01,NQNX,12545
DNN,20250717 08:00:01.027000,256117,2612,91449,2.01,NQNX,12545
DNN,20250717 08:00:01.027000,256116,388,88837,2,NQNX,12545
DNN,20250717 08:00:01.088000,256550,50,91499,2.04,NQNX,12545
DNN,20250717 08:00:01.122000,256799,25,91524,2.01,NQNX,12545
DNN,20250717 08:00:01.178000,257194,10,91534,2.01,NQNX,12545
DNN,20250717 08:00:01.191000,257295,1,91535,2.01,NQNX,12545
DNN,20250717 08:00:01.303000,258027,11,91546,2,NTRF,12545
DNN,20250717 08:00:01.348000,258301,79,91625,2.01,NQNX,12545
DNN,20250717 08:00:01.399000,258645,100,91725,2,NTRF,12545
DNN,20250717 08:00:01.425000,258813,10132,101857,2,NTRF,12545
DNN,20250717 08:00:01.441000,258909,5,101862,2.01,NQNX,12545
DNN,20250717 08:00:01.582000,259837,200,102062,2,NTRF,12545
DNN,20250717 08:00:01.590000,259887,25,102087,2.01,NQNX,12545
DNN,20250717 08:00:01.631000,260202,8,102095,2.01,NQNX,12545
DNN,20250717 08:00:01.708000,260887,60,102155,2,NQNX,12545
DNN,20250717 08:00:01.741000,261159,2000,104155,2.01,NQNX,12545
DNN,20250717 08:00:01.866000,262132,2,104157,2.01,NQNX,12545
DNN,20250717 08:00:01.918000,262359,800,104957,2.01,NQNX,12545
DNN,20250717 08:00:01.959000,262527,390,105347,2.04,NQNX,12545
DNN,20250717 08:00:02.120000,263078,110,105457,2.04,NQNX,12545
DNN,20250717 08:00:02.121000,263090,1,105458,2.04,NQNX,12545
DNN,20250717 08:00:02.131000,263114,100,105558,2.04,NQNX,12545
DNN,20250717 08:00:02.150000,263173,7,105565,2.04,NQNX,12545
DNN,20250717 08:00:02.311000,263720,2,105567,2.04,NQNX,12545
DNN,20250717 08:00:02.320000,263743,120,105687,2.04,NQNX,12545
DNN,20250717 08:00:02.571000,264569,85,105772,2.04,NQNX,12545
DNN,20250717 08:00:02.581000,264606,3,105775,2.04,NQNX,12545
DNN,20250717 08:00:02.677000,264935,675,106450,2.04,NQNX,12545
DNN,20250717 08:00:02.716000,265092,2678,109128,2.04,NQNX,12545
DNN,20250717 08:00:02.728000,265126,1000,110128,2.01,NQNX,12545
DNN,20250717 08:00:02.731000,265132,88,110216,2.04,NQNX,12545
DNN,20250717 08:00:02.791000,265330,1100,111316,2.04,NQNX,12545
DNN,20250717 08:00:02.855000,265561,11,111327,2,NQNX,12545
DNN,20250717 08:00:02.970000,265910,2000,113327,2.04,NQNX,12545
DNN,20250717 08:00:03.480000,267478,16,113343,2.04,NQNX,12545
DNN,20250717 08:00:03.839000,268528,2189,115532,2.04,NQNX,12545
DNN,20250717 08:00:03.858000,268589,865,116397,2.04,NQNX,12545
DNN,20250717 08:00:03.961000,268858,30,116427,2.04,NQNX,12545
DNN,20250717 08:00:06.042000,275728,300,116727,2,NTRF,12545
DNN,20250717 08:00:06.581000,277703,3,116730,2.02,NQNX,12545
DNN,20250717 08:00:08.330000,284529,20,119111,2,NQNX,12545
DNN,20250717 08:00:08.330000,284525,2000,119091,2,NQNX,12545
DNN,20250717 08:00:08.341000,284571,200,119311,2.02,NQNX,12545
DNN,20250717 08:00:08.551000,285405,55,119366,2.02,NQNX,12545
DNN,20250717 08:00:08.563000,285440,15,119381,2.02,NQNX,12545
DNN,20250717 08:00:08.566000,285459,1,119382,2.02,NQNX,12545
DNN,20250717 08:00:08.624000,285732,300,119682,2,NQNX,12545
DNN,20250717 08:00:08.884000,286525,4680,124362,2,NQNX,12545
DNN,20250717 08:00:08.890000,286544,100,124462,2.02,NQNX,12545
DNN,20250717 08:00:08.911000,286651,20,124482,2.02,NQNX,12545
DNN,20250717 08:00:09.058000,287076,400,124882,2.01,NQNX,12545
DNN,20250717 08:00:09.062000,287093,250,125132,2,NQNX,12545
DNN,20250717 08:00:09.166000,287406,24,125156,2,NQNX,12545
DNN,20250717 08:00:09.299000,287773,60,125216,2.02,NQNX,12545
DNN,20250717 08:00:09.348000,287936,1868,127084,2.1,NTRF,12545
DNN,20250717 08:00:09.348000,287937,573,127657,2.1,NTRF,12545
DNN,20250717 08:00:09.349000,287941,271,127928,2.1,NTRF,12545
DNN,20250717 08:00:09.396000,288044,2000,129928,2.11,NTRF,12545
DNN,20250717 08:00:09.397000,288048,110,130048,2.12,NTRF,12545
DNN,20250717 08:00:09.397000,288047,10,129938,2.12,NTRF,12545
DNN,20250717 08:00:09.605000,288612,164,130212,2,NQNX,12545
DNN,20250717 08:00:09.677000,288764,13,130225,2.02,NQNX,12545
DNN,20250717 08:00:09.680000,288772,80,130305,2.02,NQNX,12545
DNN,20250717 08:00:09.745000,288941,500,130805,2.01,NQNX,12545
DNN,20250717 08:00:09.813000,289113,10,130815,2.02,NQNX,12545
DNN,20250717 08:00:09.817000,289133,11,130826,2.02,NQNX,12545
DNN,20250717 08:00:09.823000,289152,50,130876,2,NQNX,12545
DNN,20250717 08:00:09.893000,289304,3,130879,2.02,NQNX,12545
DNN,20250717 08:00:09.936000,289465,12,130891,2,NQNX,12545
DNN,20250717 08:00:10.036000,289685,400,131291,2,NQNX,12545
DNN,20250717 08:00:10.085000,289786,400,131691,2.02,NQNX,12545
DNN,20250717 08:00:10.100000,289830,15,131706,2,NQNX,12545
DNN,20250717 08:00:10.109000,289854,100,131806,2.02,NQNX,12545
DNN,20250717 08:00:10.129000,289898,25,131831,2.02,NQNX,12545
DNN,20250717 08:00:10.161000,289978,15,131846,2.02,NQNX,12545
DNN,20250717 08:00:10.196000,290037,80,131926,2.08,NTRF,12545
DNN,20250717 08:00:10.198000,290047,300,132226,2.02,NQNX,12545
DNN,20250717 08:00:10.375000,290408,100,132326,2.08,NTRF,12545
DNN,20250717 08:00:10.930000,291076,1,132327,1.99,NQNX,12545
DNN,20250717 08:00:11.540000,291753,1,132328,1.99,NQNX,12545
DNN,20250717 08:00:11.571000,291799,136,132464,1.99,NQNX,12545
DNN,20250717 08:00:11.891000,292160,136,132600,1.98,NQNX,12545
DNN,20250717 08:00:14.633000,294872,1,132601,2.02,NQNX,12545
DNN,20250717 08:00:14.990000,295161,10,132611,2.01,NQNX,12545
DNN,20250717 08:00:21.291000,301429,15,132626,2.01,NQNX,12545
DNN,20250717 08:00:47.644000,315393,500,133126,2.02,PACF,12545
DNN,20250717 08:00:47.876000,315481,1,133127,2,NQNX,12545
DNN,20250717 08:00:56.438000,316436,5,133132,2.01,NQNX,12545
DNN,20250717 08:01:25.955000,318817,70,133202,2,NQNX,12545
DNN,20250717 08:01:31.635000,319104,301,133503,2,NQNX,12545
DNN,20250717 08:02:09.632000,321166,1,133504,2.12,BTRF,12545
DNN,20250717 08:02:09.648000,321174,168,133672,2.11,BTRF,12545
DNN,20250717 08:03:43.600000,327759,1000,134672,2.02,EDGX,12545
DNN,20250717 08:04:11.765000,328513,8,134680,2.02,NQNX,12545
DNN,20250717 08:04:17.080000,328649,371,135051,2.01,NQNX,12545
DNN,20250717 08:06:23.142000,333023,84,135135,2.01,NQNX,12545
DNN,20250717 08:06:23.986000,333038,1,135136,2.02,NQNX,12545
DNN,20250717 08:06:47.101000,334016,455,135591,2.02,PACF,12545
DNN,20250717 08:06:59.703000,334521,100,135691,2.02,MEMX,12545
DNN,20250717 08:06:59.703000,334522,400,136091,2.02,PACF,12545
DNN,20250717 08:07:46.116000,336131,500,136591,2,PACF,12545
DNN,20250717 08:09:14.563000,339360,7,136598,2.01,NQNX,12545
DNN,20250717 08:10:01.156000,341153,7,136605,2.01,NQNX,12545
DNN,20250717 08:10:20.117000,341938,500,137105,2.01,NQNX,12545
DNN,20250717 08:13:52.735000,347465,15000,152105,2.02,NQNX,12545
DNN,20250717 08:13:57.046000,347578,1,152106,2.02,NYSE,12545
DNN,20250717 08:14:58.601000,349062,50,152156,2.02,EDGX,12545
DNN,20250717 08:15:29.428000,349853,1000,153156,2,NTRF,12545
DNN,20250717 08:15:56.978000,350585,2000,155156,2,NQNX,12545
DNN,20250717 08:16:11.724000,350996,100,155256,2.01,NQNX,12545
DNN,20250717 08:17:14.756000,353114,200,155656,2.02,EDGX,12545
DNN,20250717 08:17:14.756000,353115,100,155756,2.02,NQNX,12545
DNN,20250717 08:17:14.756000,353113,200,155456,2.02,NQNX,12545
DNN,20250717 08:17:28.980000,353419,200,155956,2.01,NQNX,12545
DNN,20250717 08:18:10.475000,354347,70,156026,2,NQNX,12545
DNN,20250717 08:18:12.760000,354380,2183,161026,2.02,PACF,12545
DNN,20250717 08:18:12.760000,354379,7,158843,2.02,PACF,12545
DNN,20250717 08:18:12.760000,354378,700,158836,2.02,PACF,12545
DNN,20250717 08:18:12.760000,354377,2110,158136,2.02,PACF,12545
DNN,20250717 08:21:57.173000,360865,1,161027,2.01,NQNX,12545
DNN,20250717 08:22:06.674000,361097,1,161028,2.02,NQNX,12545
DNN,20250717 08:23:08.234000,363408,1200,162228,2.01,NQNX,12545
DNN,20250717 08:23:11.594000,363516,165,162393,2.02,BATS,12545
DNN,20250717 08:23:11.594000,363517,2335,164728,2.02,BATS,12545
DNN,20250717 08:23:11.594000,363518,1500,166228,2.02,CHIC,12545
DNN,20250717 08:23:53.350000,364769,25,166253,2.02,NQNX,12545
DNN,20250717 08:24:42.397000,366130,1498,167753,2.02,PACF,12545
DNN,20250717 08:24:42.397000,366129,2,166255,2.02,PACF,12545
DNN,20250717 08:24:46.366000,366209,30,167783,2.02,PACF,12545
DNN,20250717 08:25:06.200000,366681,200,167983,2.02,NQNX,12545
DNN,20250717 08:27:09.108000,370976,3000,170983,2.02,PACF,12545
DNN,20250717 08:27:42.630000,372007,900,171883,2.01,NQNX,12545
DNN,20250717 08:29:14.983000,374733,246,172129,2,NTRF,12545
DNN,20250717 08:29:31.730000,375254,1,172130,2.02,NQNX,12545
DNN,20250717 08:29:56.970000,375912,10,172140,2.02,NQNX,12545
DNN,20250717 08:30:02.436000,376893,472,172612,2.02,PACF,12545
DNN,20250717 08:30:02.436000,376894,803,173415,2.02,PACF,12545
DNN,20250717 08:30:02.436000,376895,100,173515,2.02,MEMX,12545
DNN,20250717 08:30:02.436000,376897,100,173620,2.02,EDGX,12545
DNN,20250717 08:30:02.436000,376896,5,173520,2.02,EDGX,12545
DNN,20250717 08:30:02.436000,376898,500,174120,2.02,PACF,12545
DNN,20250717 08:30:02.438000,376899,100,174220,2.01,NQNX,12545
DNN,20250717 08:30:02.438000,376900,5,174225,2.01,NQNX,12545
DNN,20250717 08:30:02.438000,376901,100,174325,2.01,NQNX,12545
DNN,20250717 08:30:02.439000,376904,500,176100,2.01,NQNX,12545
DNN,20250717 08:30:02.439000,376902,472,174797,2.01,NQNX,12545
DNN,20250717 08:30:02.439000,376903,803,175600,2.01,NQNX,12545
DNN,20250717 08:31:21.269000,383611,75,176175,2.02,PACF,12545
DNN,20250717 08:31:42.220000,385096,2460,178635,2.02,PACF,12545
DNN,20250717 08:31:42.222000,385097,2460,181095,2.01,NQNX,12545
DNN,20250717 08:31:53.474000,385581,100,181195,2.01,NQNX,12545
DNN,20250717 08:33:58.814000,392104,10,181205,2.01,NQNX,12545
DNN,20250717 08:34:01.314000,392157,10,181215,2.01,NQNX,12545
DNN,20250717 08:34:42.170000,393719,15,181230,2.02,NQNX,12545
DNN,20250717 08:36:39.495000,397713,1000,182230,2.02,PACF,12545
DNN,20250717 08:36:42.207000,397782,137,182367,2.02,PHIL,12545
DNN,20250717 08:36:42.210000,397783,863,183230,2.02,PHIL,12545
DNN,20250717 08:36:42.212000,397784,21100,204330,2.02,PACF,12545
DNN,20250717 08:37:27.625000,399308,100,204830,2.02,PACF,12545
DNN,20250717 08:37:27.625000,399307,400,204730,2.02,NQNX,12545
DNN,20250717 08:37:36.305000,399597,96,204926,2.01,NQNX,12545
DNN,20250717 08:37:55.598000,400481,2860,207786,2.02,PACF,12545
DNN,20250717 08:37:55.598000,400482,1100,208886,2.02,NQNX,12545
DNN,20250717 08:37:55.599000,400483,1100,209986,2.01,NQNX,12545
DNN,20250717 08:37:55.599000,400484,2860,212846,2.01,NQNX,12545
DNN,20250717 08:37:59.323000,400568,100,212946,2.02,PACF,12545
DNN,20250717 08:38:13.572000,401120,6000,218946,2.01,NQNX,12545
DNN,20250717 08:40:26.598000,406108,5,218951,2.02,NQNX,12545
DNN,20250717 08:41:03.341000,407482,500,219451,2,NQNX,12545
DNN,20250717 08:41:46.918000,409008,200,219651,2.02,EDGX,12545
DNN,20250717 08:41:46.918000,409009,200,219851,2.02,NQEX,12545
DNN,20250717 08:41:46.920000,409010,2000,221851,2.02,PHIL,12545
DNN,20250717 08:41:55.186000,409231,3,221854,2.01,NQNX,12545
DNN,20250717 08:42:15.278000,409778,2,221856,2.02,NQNX,12545
DNN,20250717 08:42:25.059000,410015,300,222156,2.02,NQNX,12545
DNN,20250717 08:42:33.155000,410227,322,222478,2.02,NQNX,12545
DNN,20250717 08:43:12.451000,411616,844,223322,2.01,NQNX,12545
DNN,20250717 08:43:52.949000,413438,65,223387,2.02,PACF,12545
DNN,20250717 08:44:42.608000,415345,1000,224387,2.02,PHIL,12545
DNN,20250717 08:45:40.708000,417280,5000,229387,2.01,NQNX,12545
DNN,20250717 08:46:39.868000,419187,777,230164,2,NYSE,12545
DNN,20250717 08:46:58.067000,419700,500,230664,2.01,NQNX,12545
DNN,20250717 08:48:35.513000,424070,100,230764,2.02,PACF,12545
DNN,20250717 08:48:48.917000,424711,1000,231764,2.02,PHIL,12545
DNN,20250717 08:49:25.532000,426427,150,231914,2.01,NQNX,12545
DNN,20250717 08:51:00.705000,430353,40,231954,2.02,PACF,12545
DNN,20250717 08:51:00.707000,430354,40,231994,2.01,NQNX,12545
DNN,20250717 08:51:38.480000,431827,30,232024,2.01,NQNX,12545
DNN,20250717 08:52:23.889000,434207,1,232025,2.02,PACF,12545
DNN,20250717 08:52:59.878000,435571,400,232425,2.02,NQEX,12545
DNN,20250717 08:53:30.579000,436785,2000,234425,2.02,PACF,12545
DNN,20250717 08:53:40.058000,437103,979,235404,2.02,PHIL,12545
DNN,20250717 08:53:46.406000,437282,21,235425,2.02,PHIL,12545
DNN,20250717 08:53:46.406000,437283,4979,240404,2.01,NQNX,12545
DNN,20250717 08:54:26.711000,438976,1,240405,2.02,NQNX,12545
DNN,20250717 08:54:55.628000,440022,30,240435,2,NTRF,12545
DNN,20250717 08:55:56.132000,442540,6,240505,2.02,NQEX,12545
DNN,20250717 08:55:56.132000,442539,64,240499,2.02,NQEX,12545
DNN,20250717 08:55:57.131000,442566,5,240510,2.02,NQNX,12545
DNN,20250717 08:59:14.039000,450091,100,240610,2.02,PACF,12545
DNN,20250717 08:59:57.501000,451619,2,240612,2.02,PACF,12545
DNN,20250717 08:59:57.501000,451620,2,240614,2.02,MEMX,12545
DNN,20250717 08:59:57.501000,451621,1,240615,2.02,MEMX,12545
DNN,20250717 09:01:29.232000,455766,500,241115,2.02,PACF,12545
DNN,20250717 09:01:43.118000,456693,10,241125,2.02,NQNX,12545
DNN,20250717 09:02:40.310000,459143,3,241128,2.02,NQNX,12545
DNN,20250717 09:02:44.980000,459338,2,241130,2.02,EDGE,12545
DNN,20250717 09:05:25.611000,465365,15000,256130,2.04,NQNX,12545
DNN,20250717 09:05:55.628000,466372,10,256140,2.03,NQNX,12545
DNN,20250717 09:07:01.755000,468604,8,256148,2.04,NQNX,12545
DNN,20250717 09:07:37.094000,469811,175,256323,2.04,NTRF,12545
DNN,20250717 09:08:08.858000,471324,2,256325,2.04,NQEX,12545
DNN,20250717 09:08:08.858000,471325,18,256343,2.04,NQEX,12545
DNN,20250717 09:08:12.563000,471472,2,256345,2.02,NQNX,12545
DNN,20250717 09:09:07.123000,473455,300,256645,2.02,MEMX,12545
DNN,20250717 09:09:33.970000,474605,65,256710,2.03,NQNX,12545
DNN,20250717 09:09:54.678000,475223,1000,257710,2.02,BATY,12545
DNN,20250717 09:11:52.286000,479457,20,257730,2.03,NQNX,12545
DNN,20250717 09:11:54.474000,479528,2000,259730,2.03,NQNX,12545
DNN,20250717 09:12:16.284000,480221,1000,260730,2.04,BATY,12545
DNN,20250717 09:13:03.985000,481648,100,260830,2.04,NTRF,12545
DNN,20250717 09:13:43.269000,483091,25,260855,2.03,NQNX,12545
DNN,20250717 09:14:23.278000,484578,10,260865,2.02,NQNX,12545
DNN,20250717 09:14:42.393000,485333,750,261615,2.04,NTRF,12545
DNN,20250717 09:16:14.009000,489462,700,262315,2.03,NQNX,12545
DNN,20250717 09:17:19.299000,492310,15,262330,2.04,NQNX,12545
DNN,20250717 09:19:13.075000,497570,2,262332,2.04,BATY,12545
DNN,20250717 09:19:13.514000,497580,15,262347,2.03,NQNX,12545
DNN,20250717 09:19:17.882000,497713,300,262647,2.03,NQNX,12545
DNN,20250717 09:19:36.366000,498512,1,262648,2.04,BATY,12545
DNN,20250717 09:20:07.534000,499617,20,262668,2.02,NQNX,12545
DNN,20250717 09:20:08.535000,499658,15,262683,2.04,NQNX,12545
DNN,20250717 09:20:40.079000,500788,20,262703,2.04,NQNX,12545
DNN,20250717 09:22:07.443000,504850,50,262753,2.02,NQNX,12545
DNN,20250717 09:23:53.251000,509371,1000,263753,2.02,NQNX,12545
DNN,20250717 09:24:30.700000,512132,1000,264753,2.02,NQNX,12545
DNN,20250717 09:24:53.088000,513326,50,264803,2.04,NQNX,12545
DNN,20250717 09:25:40.190000,515552,15,264818,2.03,NQNX,12545
DNN,20250717 09:25:43.569000,515737,20,264838,2.02,NQNX,12545
DNN,20250717 09:27:07.789000,518881,25,264863,2.04,NQNX,12545
DNN,20250717 09:27:12.777000,519255,2,264965,2.02,PACF,12545
DNN,20250717 09:27:12.777000,519254,100,264963,2.02,PACF,12545
DNN,20250717 09:27:12.777000,519256,98,265063,2.02,PACF,12545
DNN,20250717 09:27:16.303000,519340,500,265563,2.04,NTRF,12545
DNN,20250717 09:27:27.683000,520004,250,265813,2.04,NTRF,12545
DNN,20250717 09:28:14.313000,523555,50,265913,2.03,NQNX,12545
DNN,20250717 09:28:14.313000,523554,50,265863,2.04,NQNX,12545
DNN,20250717 09:28:30.034000,524379,1,265914,2.04,NQNX,12545
DNN,20250717 09:28:30.034000,524380,1,265915,2.03,NQNX,12545
DNN,20250717 09:28:57.180000,526184,662,266577,2.02,EDGX,12545
DNN,20250717 09:28:57.180000,526186,598,267177,2.02,PACF,12545
DNN,20250717 09:28:57.180000,526185,2,266579,2.02,PACF,12545
DNN,20250717 09:28:57.181000,526187,600,267777,2.02,NQEX,12545
DNN,20250717 09:28:59.062000,526250,50,267827,2.02,NQNX,12545
DNN,20250717 09:29:04.949000,526660,300,268127,2.02,EDGX,12545
DNN,20250717 09:29:04.949000,526661,1102,269229,2.02,PACF,12545
DNN,20250717 09:29:04.950000,526662,400,269629,2.02,NQEX,12545
DNN,20250717 09:29:08.820000,526847,398,270027,2.02,PACF,12545
DNN,20250717 09:29:46.440000,529072,2,270029,2.02,PACF,12545
DNN,20250717 09:29:46.441000,529073,58,270087,2.03,NQNX,12545
DNN,20250717 09:30:00.039000,533177,158750,587587,2.02,AMEX,12610
DNN,20250717 09:30:00.039000,533176,158750,428837,2.02,AMEX,12606
DNN,20250717 09:30:00.043000,533374,10,587597,2.02,NTRF,12659
DNN,20250717 09:30:00.053000,533835,4,587601,2.02,NQNX,12640
DNN,20250717 09:30:00.054000,533870,24,587625,2.02,NQNX,12640
DNN,20250717 09:30:00.054000,533896,58,587683,2.02,NQNX,12640
DNN,20250717 09:30:00.060000,534177,300,587983,2.02,NQNX,12640
DNN,20250717 09:30:00.062000,534279,1013,588996,2.02,NQNX,12544
DNN,20250717 09:30:00.064000,534410,1,588997,2.02,NQNX,12640
DNN,20250717 09:30:00.064000,534411,12,589009,2.02,NQNX,12640
DNN,20250717 09:30:00.066000,534459,2956,591965,2.02,NQNX,12640
DNN,20250717 09:30:00.066000,534465,1,591966,2.02,NQNX,12640
DNN,20250717 09:30:00.073000,534877,3,591970,2.02,NQNX,12640
DNN,20250717 09:30:00.073000,534864,1,591967,2.02,NQNX,12640
DNN,20250717 09:30:00.074000,534903,50,592020,2.02,NQNX,12640
DNN,20250717 09:30:00.075000,534941,15,592035,2.02,NQNX,12640
DNN,20250717 09:30:00.075000,534956,195,592230,2.02,NQNX,12640
DNN,20250717 09:30:00.076000,535028,49,592280,2.02,NQNX,12640
DNN,20250717 09:30:00.076000,534989,1,592231,2.02,NQNX,12640
DNN,20250717 09:30:00.077000,535062,245,592525,2.02,NQNX,12640
DNN,20250717 09:30:00.078000,535106,10,592535,2.02,NQNX,12640
DNN,20250717 09:30:00.078000,535136,1,592536,2.02,NQNX,12640
DNN,20250717 09:30:00.079000,535163,495,593031,2.02,NQNX,12640
DNN,20250717 09:30:00.080000,535199,34,593065,2.02,NQNX,12640
DNN,20250717 09:30:00.080000,535215,4,593069,2.02,NQNX,12640
DNN,20250717 09:30:00.083000,535365,112,593381,2.02,NQNX,12640
DNN,20250717 09:30:00.083000,535356,3,593072,2.02,NQNX,12640
DNN,20250717 09:30:00.083000,535357,197,593269,2.04,NQNX,12544
DNN,20250717 09:30:00.084000,535434,171,593585,2.02,NQNX,12640
DNN,20250717 09:30:00.084000,535408,33,593414,2.02,NQNX,12640
DNN,20250717 09:30:00.085000,535451,244,593829,2.02,NQNX,12640
DNN,20250717 09:30:00.085000,535495,84,593913,2.02,NQNX,12640
DNN,20250717 09:30:00.085000,535499,1,593914,2.02,NQNX,12640
DNN,20250717 09:30:00.087000,535619,1,593915,2.02,NQNX,12640
DNN,20250717 09:30:00.088000,535702,98,594013,2.02,NQNX,12640
DNN,20250717 09:30:00.089000,535752,227,594240,2.02,NQNX,12640
DNN,20250717 09:30:00.090000,535842,51,594322,2.02,NQNX,12640
DNN,20250717 09:30:00.090000,535810,31,594271,2.02,NQNX,12640
DNN,20250717 09:30:00.091000,535869,4,594326,2.02,NQNX,12640
DNN,20250717 09:30:00.092000,535930,34,594360,2.02,NQNX,12640
DNN,20250717 09:30:00.093000,535992,1992,596352,2.02,NTRF,12640
DNN,20250717 09:30:00.099000,536387,500,596852,2.02,NYSE,12544
DNN,20250717 09:30:00.100000,536428,38,596890,2.02,NQNX,12640
DNN,20250717 09:30:00.105000,536769,50,596940,2.02,NTRF,12640
DNN,20250717 09:30:00.106000,536806,3000,599940,2.02,NQNX,12640
DNN,20250717 09:30:00.106000,536815,600,600540,2.02,NQNX,12640
DNN,20250717 09:30:00.143000,539172,1,600541,2.02,NQNX,12640
DNN,20250717 09:30:00.144000,539205,3,600544,2.02,NQNX,12659
DNN,20250717 09:30:00.145000,539302,1,600546,2.02,NQNX,12640
DNN,20250717 09:30:00.145000,539270,1,600545,2.02,NQNX,12640
DNN,20250717 09:30:00.154000,539850,1,600547,2.02,NQNX,12640
DNN,20250717 09:30:00.155000,539886,1,600548,2.02,NQNX,12640
DNN,20250717 09:30:00.182000,541558,1,600549,2.02,NQNX,12640
DNN,20250717 09:30:00.183000,541595,3,600552,2.02,NQNX,12640
DNN,20250717 09:30:00.184000,541670,1,600553,2.02,NQNX,12640
DNN,20250717 09:30:00.184000,541700,1,600554,2.02,NQNX,12640
DNN,20250717 09:30:00.187000,541848,1,600555,2.02,NQNX,12640
DNN,20250717 09:30:00.187000,541852,1,600556,2.02,NQNX,12640
DNN,20250717 09:30:00.191000,542094,34,600590,2.04,NQNX,12659
DNN,20250717 09:30:00.192000,542103,1,600591,2.04,NQNX,12640
DNN,20250717 09:30:00.192000,542146,1,600592,2.04,NQNX,12640
DNN,20250717 09:30:00.193000,542166,1,600593,2.02,NQNX,12640
DNN,20250717 09:30:00.198000,542586,1,600594,2.04,NQNX,12659
DNN,20250717 09:30:00.205000,543102,1,600599,2.04,NQNX,12640
DNN,20250717 09:30:00.205000,543079,4,600598,2.04,NQNX,12659
DNN,20250717 09:30:00.208000,543263,10,600609,2.04,NQNX,12659
DNN,20250717 09:30:00.209000,543308,1,600610,2.04,NQNX,12640
DNN,20250717 09:30:00.210000,543387,1,600611,2.02,NQNX,12640
DNN,20250717 09:30:00.212000,543521,1,600616,2.04,NQNX,12640
DNN,20250717 09:30:00.212000,543500,4,600615,2.04,NQNX,12659
DNN,20250717 09:30:00.222000,544120,49,600665,2.02,NQNX,12659
DNN,20250717 09:30:00.223000,544167,1,600666,2.02,NQNX,12640
DNN,20250717 09:30:00.226000,544386,1,600667,2.02,NQNX,12659
DNN,20250717 09:30:00.229000,544545,2,600669,2.04,NQNX,12659
DNN,20250717 09:30:00.229000,544581,49,600718,2.04,NQNX,12659
DNN,20250717 09:30:00.229000,544587,1,600719,2.04,NQNX,12640
DNN,20250717 09:30:00.230000,544648,1,600720,2.04,NQNX,12640
DNN,20250717 09:30:00.242000,545500,1,600721,2.02,NQNX,12640
DNN,20250717 09:30:00.243000,545580,43,600764,2.02,NQNX,12659
DNN,20250717 09:30:00.254000,546403,1,600765,2.02,NQNX,12640
DNN,20250717 09:30:00.256000,546540,1,600767,2.02,NQNX,12640
DNN,20250717 09:30:00.256000,546537,1,600766,2.02,NQNX,12640
DNN,20250717 09:30:00.263000,546938,24,600791,2.04,NQNX,12659
DNN,20250717 09:30:00.264000,546991,1,600792,2.04,NQNX,12640
DNN,20250717 09:30:00.266000,547175,46,600838,2.04,NQNX,12659
DNN,20250717 09:30:00.267000,547242,1,600839,2.04,NQNX,12640
DNN,20250717 09:30:00.270000,547412,1,601228,2.04,NQNX,12640
DNN,20250717 09:30:00.270000,547399,49,600888,2.04,NQNX,12659
DNN,20250717 09:30:00.270000,547408,339,601227,2.04,NQNX,12544
DNN,20250717 09:30:00.272000,547528,1,601229,2.04,NQNX,12640
DNN,20250717 09:30:00.274000,547659,46,601275,2.02,NTRF,12640
DNN,20250717 09:30:00.275000,547771,2,601277,2.02,NTRF,12640
DNN,20250717 09:30:00.276000,547829,1,601279,2.04,NQNX,12640
DNN,20250717 09:30:00.276000,547834,8,601287,2.02,NTRF,12640
DNN,20250717 09:30:00.276000,547787,1,601278,2.04,NQNX,12659
DNN,20250717 09:30:00.277000,547900,27,601314,2.02,NTRF,12640
DNN,20250717 09:30:00.279000,548042,15,601329,2.02,NTRF,12640
DNN,20250717 09:30:00.280000,548091,1,601330,2.02,NTRF,12640
DNN,20250717 09:30:00.281000,548139,25,601355,2.02,NTRF,12640
DNN,20250717 09:30:00.281000,548147,49,601404,2.02,NQNX,12659
DNN,20250717 09:30:00.282000,548213,1,601406,2.02,NQNX,12640
DNN,20250717 09:30:00.282000,548206,1,601405,2.02,NTRF,12640
DNN,20250717 09:30:00.283000,548267,15,601421,2.02,NTRF,12640
DNN,20250717 09:30:00.284000,548331,1,601422,2.02,NTRF,12640
DNN,20250717 09:30:00.286000,548466,1,601423,2.04,NQNX,12659
DNN,20250717 09:30:00.287000,548487,1,601424,2.04,NQNX,12640
DNN,20250717 09:30:00.287000,548506,49,601473,2.04,NQNX,12659
DNN,20250717 09:30:00.287000,548508,1,601474,2.04,NQNX,12640
DNN,20250717 09:30:00.291000,548707,98,601572,2.04,NQNX,12659
DNN,20250717 09:30:00.292000,548720,1,601573,2.04,NQNX,12640
DNN,20250717 09:30:00.294000,548850,1,601574,2.02,NQNX,12659
DNN,20250717 09:30:00.297000,548969,99,601764,2.04,NQNX,12659
DNN,20250717 09:30:00.297000,548978,1,601765,2.04,NQNX,12640
DNN,20250717 09:30:00.297000,548968,91,601665,2.02,NQNX,12659
DNN,20250717 09:30:00.298000,549027,1,601766,2.02,NQNX,12640
DNN,20250717 09:30:00.300000,549103,5,601771,2.04,NQNX,12659
DNN,20250717 09:30:00.301000,549166,18,601790,2.04,NQNX,12659
DNN,20250717 09:30:00.301000,549150,1,601772,2.04,NQNX,12640
DNN,20250717 09:30:00.302000,549240,1,601791,2.04,NQNX,12640
DNN,20250717 09:30:00.315000,549929,1,601792,2.02,NQNX,12659
DNN,20250717 09:30:00.316000,549984,1,601793,2.02,NQNX,12659
DNN,20250717 09:30:00.322000,550353,1,601794,2.02,NQNX,12640
DNN,20250717 09:30:00.328000,550702,24,601818,2.04,NQNX,12659
DNN,20250717 09:30:00.329000,550759,1,601819,2.04,NQNX,12640
DNN,20250717 09:30:00.335000,551100,98,601917,2.04,NQNX,12659
DNN,20250717 09:30:00.336000,551124,1,601918,2.04,NQNX,12640
DNN,20250717 09:30:00.421000,555559,1,601919,2.03,NQNX,12659
DNN,20250717 09:30:00.436000,556387,1,601920,2.03,NQNX,12659
DNN,20250717 09:30:00.478000,558254,1,601921,2.02,NQNX,12659
DNN,20250717 09:30:00.478000,558274,1,601922,2.02,NQNX,12659
DNN,20250717 09:30:00.611000,566184,1,601923,2.02,NQNX,12659
DNN,20250717 09:30:00.627000,567066,1,601924,2.02,NQNX,12659
DNN,20250717 09:30:00.633000,567430,1,601925,2.02,NQNX,12659
DNN,20250717 09:30:00.636000,567610,1,601926,2.02,NQNX,12640
DNN,20250717 09:30:00.743000,571711,1,601927,2.02,NQNX,12640
DNN,20250717 09:30:00.749000,571895,1,601928,2.02,NQNX,12659
DNN,20250717 09:30:00.755000,572086,1,601929,2.03,NQNX,12659
DNN,20250717 09:30:00.834000,574625,1,601930,2.03,NQNX,12659
DNN,20250717 09:30:00.853000,575348,1,601931,2.03,NQNX,12659
DNN,20250717 09:30:00.855000,575431,100,602031,2.02,NQNX,12544
DNN,20250717 09:30:00.855000,575453,100,602431,2.02,NQNX,12544
DNN,20250717 09:30:00.855000,575444,300,602331,2.02,NQNX,12544
DNN,20250717 09:30:00.855000,575463,100,602531,2.02,NQNX,12544
DNN,20250717 09:30:00.855000,575468,100,602631,2.02,NQNX,12544
DNN,20250717 09:30:00.855000,575473,300,602931,2.02,NQNX,12544
DNN,20250717 09:30:00.855000,575483,231,603162,2.02,NQNX,12544
DNN,20250717 09:30:00.855000,575485,100,603262,2.02,NQNX,12544
DNN,20250717 09:30:00.856000,575514,200,603662,2.02,NQNX,12544
DNN,20250717 09:30:00.856000,575498,200,603462,2.02,NQNX,12544
DNN,20250717 09:30:00.856000,575535,100,604162,2.02,NQNX,12544
DNN,20250717 09:30:00.856000,575530,100,604062,2.02,NQNX,12544
DNN,20250717 09:30:00.856000,575517,100,603862,2.02,NQNX,12544
DNN,20250717 09:30:00.856000,575528,100,603962,2.02,NQNX,12544
DNN,20250717 09:30:00.856000,575516,100,603762,2.02,NQNX,12544
DNN,20250717 09:30:00.857000,575575,1,604166,2.02,NQNX,12659
DNN,20250717 09:30:00.857000,575561,1,604164,2.02,NQNX,12659
DNN,20250717 09:30:00.857000,575567,1,604165,2.02,NQNX,12659
DNN,20250717 09:30:00.857000,575540,1,604163,2.02,NQNX,12659
DNN,20250717 09:30:00.858000,575595,1,604167,2.02,NQNX,12659
DNN,20250717 09:30:00.858000,575607,1,604168,2.02,NQNX,12659
DNN,20250717 09:30:00.859000,575641,1,604171,2.02,NQNX,12659
DNN,20250717 09:30:00.859000,575629,1,604169,2.02,NQNX,12659
DNN,20250717 09:30:00.859000,575634,1,604170,2.02,NQNX,12659
DNN,20250717 09:30:00.859000,575645,1,604172,2.02,NQNX,12659
DNN,20250717 09:30:00.860000,575679,1,604173,2.03,NQNX,12659
DNN,20250717 09:30:00.861000,575686,1,604174,2.02,NQNX,12659
DNN,20250717 09:30:00.862000,575713,1,604175,2.02,NQNX,12659
DNN,20250717 09:30:00.862000,575723,1,604176,2.02,NQNX,12659
DNN,20250717 09:30:00.899000,576902,1,604177,2.03,NQNX,12659
DNN,20250717 09:30:00.904000,577049,1,604178,2.03,NQNX,12659
DNN,20250717 09:30:00.908000,577145,1,604179,2.03,NQNX,12659
DNN,20250717 09:30:00.952000,578526,1,604180,2.02,NQNX,12659
DNN,20250717 09:30:00.988000,579536,35,604215,2.02,IEX,12659
DNN,20250717 09:30:01.044000,581245,1,604216,2.02,NQNX,12659
DNN,20250717 09:30:01.104000,583115,10,604426,2.02,NQNX,12659
DNN,20250717 09:30:01.104000,583086,100,604316,2.02,NQNX,12544
DNN,20250717 09:30:01.104000,583105,100,604416,2.02,NQNX,12544
DNN,20250717 09:30:01.105000,583122,306,604732,2.02,NQNX,12544
DNN,20250717 09:30:01.106000,583158,100,604901,2.02,NQNX,12544
DNN,20250717 09:30:01.106000,583147,69,604801,2.02,NQNX,12659
DNN,20250717 09:30:01.106000,583170,100,605201,2.02,NQNX,12544
DNN,20250717 09:30:01.106000,583168,100,605101,2.02,NQNX,12544
DNN,20250717 09:30:01.106000,583159,100,605001,2.02,NQNX,12544
DNN,20250717 09:30:01.107000,583177,100,605301,2.02,NQNX,12544
DNN,20250717 09:30:01.107000,583179,100,605401,2.02,NQNX,12544
DNN,20250717 09:30:01.107000,583187,100,605501,2.02,NQNX,12544
DNN,20250717 09:30:01.107000,583189,100,605601,2.02,NQNX,12544
DNN,20250717 09:30:01.108000,583202,100,605869,2.02,NQNX,12544
DNN,20250717 09:30:01.108000,583201,168,605769,2.02,NQNX,12544
DNN,20250717 09:30:01.110000,583269,54,605923,2.02,NQNX,12659
DNN,20250717 09:30:01.132000,583836,2,606123,2.02,EDGE,12659
DNN,20250717 09:30:01.132000,583830,98,606121,2.02,MEMX,12659
DNN,20250717 09:30:01.132000,583826,100,606023,2.02,EDGE,12544
DNN,20250717 09:30:01.134000,583892,50,606323,2.02,AMEX,12659
DNN,20250717 09:30:01.134000,583889,100,606223,2.02,EDGE,12544
DNN,20250717 09:30:01.134000,583891,50,606273,2.02,AMEX,12659
DNN,20250717 09:30:01.135000,583896,100,606423,2.02,EDGE,12544
DNN,20250717 09:30:01.135000,583898,100,606523,2.02,MIAX,12544
DNN,20250717 09:30:01.146000,584279,100,606623,2.02,NQNX,12544
DNN,20250717 09:30:01.166000,584689,100,606723,2.02,NQNX,12544
DNN,20250717 09:30:01.201000,585402,100,606823,2.02,NQNX,12544
DNN,20250717 09:30:01.273000,586826,100,606923,2.02,NQNX,12668
DNN,20250717 09:30:01.341000,587953,1,606924,2.04,NQNX,12659
DNN,20250717 09:30:01.390000,588679,160,607084,2.02,NQNX,12544
DNN,20250717 09:30:01.432000,589368,100,607184,2.02,PACF,12639
DNN,20250717 09:30:01.432000,589369,100,607284,2.02,PACF,12610
DNN,20250717 09:30:01.453000,589772,98,607382,2.02,NQNX,12659
DNN,20250717 09:30:01.584000,591950,1,607383,2.02,NQNX,12659
DNN,20250717 09:30:01.724000,593901,1,607384,2.02,NQNX,12640
DNN,20250717 09:30:01.912000,595752,1,607386,2.03,NQNX,12659
DNN,20250717 09:30:01.912000,595751,1,607385,2.02,NQNX,12659
DNN,20250717 09:30:01.913000,595753,1,607387,2.03,NQNX,12659
DNN,20250717 09:30:02.040000,596846,4,607391,2.02,NQNX,12659
DNN,20250717 09:30:02.040000,596852,5,607396,2.02,NQNX,12659
DNN,20250717 09:30:02.041000,596860,20,607416,2.02,NQNX,12659
DNN,20250717 09:30:02.041000,596866,81,607497,2.02,NQNX,12659
DNN,20250717 09:30:02.050000,596949,15,607512,2.02,NQNX,12659
DNN,20250717 09:30:02.052000,596964,13,607525,2.02,NQNX,12659
DNN,20250717 09:30:02.055000,596993,50,607575,2.02,NQNX,12659
DNN,20250717 09:30:02.055000,596999,491,608066,2.02,NQNX,12544
DNN,20250717 09:30:02.056000,597009,1,608215,2.02,NQNX,12659
DNN,20250717 09:30:02.056000,597008,148,608214,2.02,NQNX,12544
DNN,20250717 09:30:02.058000,597025,25,608240,2.02,NQNX,12659
DNN,20250717 09:30:03.445000,604003,100,608340,2.02,NQNX,12544
DNN,20250717 09:30:03.498000,604244,1300,609640,2.02,NQNX,12544
DNN,20250717 09:30:04.095000,607346,34,609674,2.02,NTRF,12659
DNN,20250717 09:30:04.426000,608301,1,609675,2.02,NQNX,12659
DNN,20250717 09:30:05.757000,612459,200,609875,2.02,NQNX,12544
DNN,20250717 09:30:06.114000,613487,2,609877,2.02,NQNX,12659
DNN,20250717 09:30:06.114000,613488,491,610368,2.02,NQNX,12544
DNN,20250717 09:30:06.133000,613575,4,610372,2.02,NQNX,12659
DNN,20250717 09:30:06.266000,614079,1767,612139,2.02,NQNX,12544
DNN,20250717 09:30:06.316000,614276,24,612163,2.02,NQNX,12659
DNN,20250717 09:30:06.326000,614286,25,612188,2.02,NQNX,12659
DNN,20250717 09:30:06.341000,614343,73,612261,2.02,NQNX,12659
DNN,20250717 09:30:06.428000,614577,50,612311,2.02,NQNX,12659
DNN,20250717 09:30:06.660000,615322,123,612434,2.02,NQNX,12544
DNN,20250717 09:30:06.733000,615836,39,612473,2.02,NQNX,12659
DNN,20250717 09:30:06.733000,615838,10,612483,2.02,NQNX,12659
DNN,20250717 09:30:06.782000,616169,246,612729,2.02,NQNX,12544
DNN,20250717 09:30:06.822000,616439,49,612778,2.02,NQNX,12659
DNN,20250717 09:30:06.879000,616682,7,612785,2.02,NQNX,12659
DNN,20250717 09:30:06.879000,616684,10,612795,2.02,NQNX,12659
DNN,20250717 09:30:06.891000,616708,1,612796,2.02,NQNX,12659
DNN,20250717 09:30:07.174000,618071,8000,620796,2.02,NQNX,12544
DNN,20250717 09:30:07.846000,621232,100,620896,2.02,NQNX,12544
DNN,20250717 09:30:07.926000,621289,1,620897,2.02,NQNX,12659
DNN,20250717 09:30:09.065000,622736,3,620900,2.02,NQNX,12659
DNN,20250717 09:30:09.948000,624148,1,620901,2.02,IEX,12659
DNN,20250717 09:30:09.955000,624150,200,621101,2.02,NQNX,12544
DNN,20250717 09:30:10.051000,625050,200,621301,2.02,NQNX,12544
DNN,20250717 09:30:10.054000,625070,200,621501,2.02,NQNX,12544
DNN,20250717 09:30:10.145000,625486,1200,622701,2.02,NTRF,12544
DNN,20250717 09:30:11.134000,627750,6,622707,2.02,NQNX,12659
DNN,20250717 09:30:11.552000,628990,50,622757,2.02,NQNX,12659
DNN,20250717 09:30:14.456000,633134,8000,630757,2.02,NQNX,12544
DNN,20250717 09:30:14.799000,633535,50,630857,2.02,NQNX,12659
DNN,20250717 09:30:14.799000,633534,50,630807,2.02,NQNX,12659
DNN,20250717 09:30:14.799000,633536,100,630957,2.02,NQNX,12544
DNN,20250717 09:30:14.799000,633538,500,631557,2.02,NQNX,12544
DNN,20250717 09:30:14.799000,633537,100,631057,2.02,NQNX,12544
DNN,20250717 09:30:14.799000,633540,3,632060,2.02,NQNX,12659
DNN,20250717 09:30:14.799000,633541,3,632063,2.02,NQNX,12659
DNN,20250717 09:30:14.799000,633539,500,632057,2.02,NQNX,12544
DNN,20250717 09:30:14.800000,633543,4347,636410,2.02,NQNX,12544
DNN,20250717 09:30:16.887000,636364,100,636510,2.02,NTRF,12544
DNN,20250717 09:30:18.850000,638373,1,636511,2.02,NQNX,12659
DNN,20250717 09:30:20.852000,640153,1,636512,2.02,NQNX,12659
DNN,20250717 09:30:23.744000,642466,100,636612,2.02,NQNX,12544
DNN,20250717 09:30:25.697000,644200,7756,644368,2.02,NQNX,12544
DNN,20250717 09:30:26.861000,645092,1,644369,2.02,NQNX,12659
DNN,20250717 09:30:27.209000,645269,100,644469,2.02,NQNX,12544
DNN,20250717 09:30:28.907000,646616,2,644471,2.02,NQNX,12659
DNN,20250717 09:30:31.030000,648952,45,644516,2.02,PACF,12659
DNN,20250717 09:30:31.030000,648953,100,644616,2.02,PACF,12544
DNN,20250717 09:30:32.326000,650036,100,644716,2.02,NQNX,12544
DNN,20250717 09:30:32.569000,650260,10,644726,2.02,IEX,12659
DNN,20250717 09:30:32.575000,650262,100,644826,2.02,NQNX,12544
DNN,20250717 09:30:32.921000,650454,70,644896,2.02,NQNX,12659
DNN,20250717 09:30:33.274000,650584,900,646096,2.02,PACF,12544
DNN,20250717 09:30:33.274000,650583,300,645196,2.02,PACF,12544
DNN,20250717 09:30:35.698000,652577,100,646196,2.02,BATY,12544
DNN,20250717 09:30:35.699000,652583,52,646248,2.02,NQNX,12659
DNN,20250717 09:30:35.705000,652588,90,646338,2.02,NQNX,12659
DNN,20250717 09:30:35.710000,652589,100,646438,2.02,EDGE,12544
DNN,20250717 09:30:35.711000,652590,100,646538,2.02,NQNX,12544
DNN,20250717 09:30:35.711000,652591,10,646548,2.02,NQNX,12659
DNN,20250717 09:30:35.816000,652749,200,646748,2.02,NQNX,12544
DNN,20250717 09:30:35.849000,652763,500,647248,2.02,NQNX,12544
DNN,20250717 09:30:35.885000,652781,329,647577,2.02,NQNX,12544
DNN,20250717 09:30:35.896000,652824,500,648077,2.02,NQNX,12544
DNN,20250717 09:30:39.388000,655588,100,648177,2.02,NQNX,12544
DNN,20250717 09:30:40.512000,656998,100,648277,2.02,NQNX,12544
DNN,20250717 09:30:41.106000,657505,150,648427,2.02,NQNX,12544
DNN,20250717 09:30:41.140000,657512,1774,650201,2.02,NQNX,12544
DNN,20250717 09:30:41.792000,658525,100,650301,2.02,NQNX,12544
DNN,20250717 09:30:41.799000,658529,100,650401,2.02,NQNX,12544
DNN,20250717 09:30:42.894000,659257,38800,689201,2.02,NQNX,12544
DNN,20250717 09:30:42.902000,659260,1200,690401,2.02,NQNX,12544
DNN,20250717 09:30:42.903000,659261,19400,709801,2.02,NQNX,12544
DNN,20250717 09:30:42.934000,659275,1700,711501,2.02,NQNX,12544
DNN,20250717 09:30:42.978000,659294,19400,799656,2.02,NYSE,12544
DNN,20250717 09:30:42.978000,659292,9700,761101,2.02,BATS,12544
DNN,20250717 09:30:42.978000,659287,19400,730901,2.02,NQEX,12544
DNN,20250717 09:30:42.978000,659291,19400,751401,2.02,NQEX,12610
DNN,20250717 09:30:42.978000,659289,100,731901,2.02,NQEX,12544
DNN,20250717 09:30:42.978000,659288,900,731801,2.02,NQEX,12544
DNN,20250717 09:30:42.978000,659290,100,732001,2.02,NQEX,12544
DNN,20250717 09:30:42.978000,659293,19155,780256,2.02,PACF,12544
DNN,20250717 09:30:42.979000,659295,19400,819056,2.02,EDGX,12544
DNN,20250717 09:30:43.025000,659371,4400,823456,2.02,NQNX,12544
DNN,20250717 09:30:44.153000,660063,3259,826715,2.02,NQNX,12544
DNN,20250717 09:30:44.154000,660065,1600,831415,2.02,NQNX,12544
DNN,20250717 09:30:44.154000,660064,3100,829815,2.02,NQNX,12544
DNN,20250717 09:30:44.155000,660066,1500,832915,2.02,NQNX,12544
DNN,20250717 09:30:44.162000,660068,100,833015,2.02,NQNX,12544
DNN,20250717 09:30:44.164000,660069,300,833315,2.02,NQNX,12544
DNN,20250717 09:30:44.687000,660593,8008,841323,2.02,NQNX,12544
DNN,20250717 09:30:44.695000,660609,300,841623,2.02,NQNX,12544
DNN,20250717 09:30:44.698000,660610,100,841723,2.02,NQNX,12544
DNN,20250717 09:30:46.112000,661864,9700,861123,2.02,NYSE,12544
DNN,20250717 09:30:46.112000,661863,9700,851423,2.02,PACF,12544
DNN,20250717 09:30:46.120000,661874,1000,862123,2.02,NQNX,12544
DNN,20250717 09:30:47.625000,663079,6000,868123,2.02,NQNX,12544
DNN,20250717 09:30:47.634000,663084,300,868423,2.02,NQNX,12544
DNN,20250717 09:30:49.061000,664103,455,868878,2.02,NQNX,12544
DNN,20250717 09:30:49.552000,664558,500,869378,2.02,NQNX,12544
DNN,20250717 09:30:49.560000,664560,100,869478,2.02,NQNX,12544
DNN,20250717 09:30:49.758000,664747,25000,894478,2.02,NQNX,12544
DNN,20250717 09:30:49.767000,664752,100,894578,2.02,NQNX,12544
DNN,20250717 09:30:49.768000,664753,1100,895678,2.02,NQNX,12544
DNN,20250717 09:30:50.841000,665621,5,895683,2.02,NQNX,12659
DNN,20250717 09:30:51.178000,665866,100,895783,2.02,BATY,12639
DNN,20250717 09:30:51.180000,665870,500,896783,2.02,NQNX,12544
DNN,20250717 09:30:51.180000,665869,500,896283,2.02,NTRF,12544
DNN,20250717 09:30:51.182000,665873,100,896883,2.02,IEX,12544
DNN,20250717 09:30:52.879000,667545,300,897183,2.02,NQNX,12544
DNN,20250717 09:30:52.944000,667579,1,897184,2.02,NQNX,12659
DNN,20250717 09:30:53.152000,667739,400,906484,2.02,EDGE,12544
DNN,20250717 09:30:53.152000,667742,100,912596,2.02,NQEX,12639
DNN,20250717 09:30:53.152000,667740,6000,912484,2.02,MEMX,12544
DNN,20250717 09:30:53.152000,667741,12,912496,2.02,MEMX,12659
DNN,20250717 09:30:53.152000,667738,300,906084,2.02,EDGX,12544
DNN,20250717 09:30:53.152000,667736,5000,903384,2.02,NYSE,12544
DNN,20250717 09:30:53.152000,667735,200,898384,2.02,EDGX,12639
DNN,20250717 09:30:53.152000,667734,1000,898184,2.02,PACF,12544
DNN,20250717 09:30:53.152000,667737,2400,905784,2.02,EDGX,12639
DNN,20250717 09:30:53.153000,667743,72,912668,2.02,BATS,12659
DNN,20250717 09:30:53.863000,668175,1100,913768,2.03,NQEX,12544
DNN,20250717 09:30:53.898000,668209,7000,920768,2.03,NQNX,12544
DNN,20250717 09:30:54.311000,668454,100,920868,2.02,NQNX,12544
DNN,20250717 09:30:55.143000,669087,1100,921968,2.03,NQEX,12544
DNN,20250717 09:30:57.532000,670732,7,921975,2.02,NQNX,12659
DNN,20250717 09:30:57.650000,671126,8000,929975,2.03,NQNX,12544
DNN,20250717 09:31:00.017000,672628,301,930716,2.04,AMEX,12639
DNN,20250717 09:31:00.017000,672629,3459,934175,2.04,AMEX,12639
DNN,20250717 09:31:00.017000,672627,440,930415,2.04,AMEX,12639
DNN,20250717 09:31:00.017000,672632,141,934316,2.04,AMEX,12639
DNN,20250717 09:31:00.018000,672644,1000,937846,2.04,PACF,12639
DNN,20250717 09:31:00.018000,672639,300,935116,2.04,IEX,12544
DNN,20250717 09:31:00.018000,672637,100,934816,2.04,IEX,12544
DNN,20250717 09:31:00.018000,672645,100,937946,2.04,PACF,12639
DNN,20250717 09:31:00.018000,672653,72,939518,2.04,BATY,12659
DNN,20250717 09:31:00.018000,672648,600,939446,2.04,PACF,12639
DNN,20250717 09:31:00.018000,672647,500,938846,2.04,PACF,12639
DNN,20250717 09:31:00.018000,672646,400,938346,2.04,PACF,12639
DNN,20250717 09:31:00.018000,672640,600,935716,2.04,IEX,12544
DNN,20250717 09:31:00.018000,672642,1100,936816,2.04,IEX,12544
DNN,20250717 09:31:00.018000,672636,100,934716,2.04,IEX,12544
DNN,20250717 09:31:00.018000,672643,30,936846,2.04,PACF,12659
DNN,20250717 09:31:00.018000,672635,100,934616,2.04,IEX,12544
DNN,20250717 09:31:00.018000,672634,200,934516,2.04,IEX,12544
DNN,20250717 09:31:00.019000,672660,135,939753,2.04,MIAX,12639
DNN,20250717 09:31:00.019000,672657,100,939618,2.04,NQEX,12639
DNN,20250717 09:31:00.020000,672661,1294,941047,2.04,BATS,12639
DNN,20250717 09:31:00.032000,672741,1,941048,2.03,NQNX,12659
DNN,20250717 09:31:00.348000,673415,100,941148,2.04,EDGX,12639
DNN,20250717 09:31:00.655000,673816,40,941188,2.04,NQNX,12659
DNN,20250717 09:31:01.032000,674296,100,941288,2.04,NQEX,12639
DNN,20250717 09:31:01.404000,675105,100,941388,2.03,NQNX,12544
DNN,20250717 09:31:02.589000,676571,100,941488,2.03,NQNX,12544
DNN,20250717 09:31:04.377000,678806,4000,945488,2.03,NQNX,12544
DNN,20250717 09:31:04.418000,678918,1000,946488,2.04,PACF,12639
DNN,20250717 09:31:04.418000,678920,1000,947488,2.04,BATS,12639
DNN,20250717 09:31:05.390000,681880,100,947588,2.03,MIAX,12544
DNN,20250717 09:31:06.647000,683244,257,947845,2.03,NQNX,12544
DNN,20250717 09:31:06.650000,683261,1,947846,2.03,NQNX,12659
DNN,20250717 09:31:06.650000,683262,1200,949046,2.03,PACF,12544
DNN,20250717 09:31:06.651000,683263,100,949146,2.03,PACF,12544
DNN,20250717 09:31:06.651000,683264,1300,950446,2.03,PACF,12544
DNN,20250717 09:31:06.651000,683265,1300,951746,2.03,NQEX,12544
DNN,20250717 09:31:06.796000,683619,100,952436,2.02,NQNX,12544
DNN,20250717 09:31:06.796000,683618,100,952336,2.03,NQNX,12544
DNN,20250717 09:31:06.796000,683617,200,952236,2.03,NQNX,12544
DNN,20250717 09:31:06.796000,683616,100,952036,2.03,NQNX,12544
DNN,20250717 09:31:06.796000,683615,90,951936,2.02,NQNX,12659
DNN,20250717 09:31:06.796000,683614,100,951846,2.03,BATY,12544
DNN,20250717 09:31:06.797000,683624,100,952877,2.03,NQNX,12544
DNN,20250717 09:31:06.797000,683621,100,952536,2.02,NQNX,12544
DNN,20250717 09:31:06.797000,683622,100,952636,2.02,NQNX,12544
DNN,20250717 09:31:06.797000,683623,141,952777,2.03,NQNX,12544
DNN,20250717 09:31:06.798000,683627,100,953177,2.03,NQNX,12544
DNN,20250717 09:31:06.798000,683625,159,953036,2.03,NQNX,12544
DNN,20250717 09:31:06.798000,683626,41,953077,2.02,NQNX,12659
DNN,20250717 09:31:06.972000,683916,100,953277,2.02,NQNX,12544
DNN,20250717 09:31:08.093000,684884,490,953767,2.03,NQNX,12544
DNN,20250717 09:31:11.548000,689112,100,953867,2.04,BATY,12639
DNN,20250717 09:31:12.149000,689677,1700,955567,2.04,NYSE,12639
DNN,20250717 09:31:12.149000,689678,3300,958867,2.04,NYSE,12544
DNN,20250717 09:31:12.149000,689679,72,958939,2.04,PACF,12659
DNN,20250717 09:31:12.149000,689680,1000,959939,2.04,PACF,12544
DNN,20250717 09:31:12.149000,689682,1500,961537,2.04,CHIC,12544
DNN,20250717 09:31:12.149000,689685,432,964569,2.04,EDGE,12639
DNN,20250717 09:31:12.149000,689683,1500,963037,2.04,CHIC,12544
DNN,20250717 09:31:12.149000,689684,1100,964137,2.04,EDGX,12544
DNN,20250717 09:31:12.149000,689681,98,960037,2.04,PACF,12659
DNN,20250717 09:31:12.149000,689690,1000,965599,2.04,MEMX,12639
DNN,20250717 09:31:12.149000,689689,9,964599,2.04,MEMX,12659
DNN,20250717 09:31:12.149000,689688,8,964590,2.04,MEMX,12659
DNN,20250717 09:31:12.149000,689687,10,964582,2.04,MEMX,12659
DNN,20250717 09:31:12.149000,689686,3,964572,2.04,MEMX,12659
DNN,20250717 09:31:12.150000,689693,1300,966900,2.04,NQEX,12544
DNN,20250717 09:31:12.150000,689694,1300,968200,2.04,PACF,12544
DNN,20250717 09:31:12.150000,689692,1,965600,2.04,NQNX,12659
DNN,20250717 09:31:12.669000,689981,100,968400,2.04,PACF,12639
DNN,20250717 09:31:12.669000,689980,100,968300,2.04,MIAX,12639
DNN,20250717 09:31:12.672000,689984,1000,969900,2.04,NQNX,12544
DNN,20250717 09:31:12.672000,689983,500,968900,2.04,NQNX,12544
DNN,20250717 09:31:12.676000,689987,500,970400,2.04,NQNX,12544
DNN,20250717 09:31:14.140000,692533,6000,976400,2.04,NQNX,12544
DNN,20250717 09:31:14.907000,693469,600,977000,2.04,NQNX,12544
DNN,20250717 09:31:14.909000,693471,600,977600,2.04,NQNX,12544
DNN,20250717 09:31:15.069000,693715,600,978200,2.04,NQNX,12544
DNN,20250717 09:31:15.071000,693719,600,978800,2.04,NQNX,12544
DNN,20250717 09:31:15.241000,693859,600,979400,2.04,NQNX,12544
DNN,20250717 09:31:15.244000,693872,300,979700,2.04,NQNX,12544
DNN,20250717 09:31:15.244000,693873,100,979800,2.04,NQNX,12544
DNN,20250717 09:31:16.591000,695634,7000,986800,2.04,NQNX,12544
DNN,20250717 09:31:17.255000,696254,1300,988100,2.04,NQNX,12544
DNN,20250717 09:31:17.256000,696255,2700,990800,2.04,NQNX,12544
DNN,20250717 09:31:17.640000,696616,200,991000,2.04,NQNX,12544
DNN,20250717 09:31:21.510000,700612,1300,992300,2.04,PACF,12544
DNN,20250717 09:31:22.666000,701353,5,992305,2.04,NQNX,12659
DNN,20250717 09:31:23.103000,701610,2104,994409,2.04,NQNX,12544
DNN,20250717 09:31:24.196000,702506,500,994909,2.04,NQNX,12544
DNN,20250717 09:31:26.158000,705684,300,995209,2.04,NQNX,12544
DNN,20250717 09:31:26.291000,706160,40,995249,2.04,NQNX,12659
DNN,20250717 09:31:26.291000,706161,40,995289,2.04,NQNX,12659
DNN,20250717 09:31:26.292000,706162,7960,1003249,2.04,NQNX,12544
DNN,20250717 09:31:27.344000,707338,40,1023577,2.04,MEMX,12659
DNN,20250717 09:31:27.344000,707337,1500,1023537,2.04,CHIC,12639
DNN,20250717 09:31:27.344000,707336,20,1022037,2.04,EDGX,12659
DNN,20250717 09:31:27.344000,707339,5300,1028877,2.04,MEMX,12639
DNN,20250717 09:31:27.344000,707335,100,1022017,2.04,AMEX,12639
DNN,20250717 09:31:27.344000,707324,200,1010280,2.04,PACF,12639
DNN,20250717 09:31:27.344000,707314,5400,1008649,2.04,NYSE,12639
DNN,20250717 09:31:27.344000,707341,100,1029277,2.04,EDGX,12639
DNN,20250717 09:31:27.344000,707342,700,1029977,2.04,EDGX,12639
DNN,20250717 09:31:27.344000,707343,2,1029979,2.04,EDGX,12659
DNN,20250717 09:31:27.344000,707346,8,1029987,2.04,MIAX,12659
DNN,20250717 09:31:27.344000,707347,338,1030325,2.04,MIAX,12639
DNN,20250717 09:31:27.344000,707350,100,1030425,2.04,NQEX,12639
DNN,20250717 09:31:27.344000,707340,300,1029177,2.04,MEMX,12639
DNN,20250717 09:31:27.344000,707331,11,1020167,2.04,BATS,12659
DNN,20250717 09:31:27.344000,707315,887,1009536,2.04,PACF,12639
DNN,20250717 09:31:27.344000,707323,4,1010080,2.04,PACF,12659
DNN,20250717 09:31:27.344000,707329,1250,1019030,2.04,AMEX,12639
DNN,20250717 09:31:27.344000,707328,2000,1017780,2.04,PACF,12639
DNN,20250717 09:31:27.344000,707327,1000,1015780,2.04,PACF,12639
DNN,20250717 09:31:27.344000,707326,500,1014780,2.04,AMEX,12639
DNN,20250717 09:31:27.344000,707325,4000,1014280,2.04,AMEX,12639
DNN,20250717 09:31:27.344000,707322,25,1010076,2.04,AMEX,12659
DNN,20250717 09:31:27.344000,707316,3,1009539,2.04,PACF,12659
DNN,20250717 09:31:27.344000,707321,40,1010051,2.04,PACF,12659
DNN,20250717 09:31:27.344000,707318,10,1009551,2.04,PACF,12659
DNN,20250717 09:31:27.344000,707319,160,1009711,2.04,AMEX,12639
DNN,20250717 09:31:27.344000,707317,2,1009541,2.04,PACF,12659
DNN,20250717 09:31:27.344000,707334,50,1021917,2.04,AMEX,12659
DNN,20250717 09:31:27.344000,707320,300,1010011,2.04,PACF,12639
DNN,20250717 09:31:27.344000,707332,200,1020367,2.04,AMEX,12639
DNN,20250717 09:31:27.344000,707330,1126,1020156,2.04,AMEX,12639
DNN,20250717 09:31:27.344000,707333,1500,1021867,2.04,CHIC,12639
DNN,20250717 09:31:27.345000,707354,400,1031625,2.04,IEX,12544
DNN,20250717 09:31:27.345000,707355,100,1031725,2.04,IEX,12544
DNN,20250717 09:31:27.345000,707358,10,1031735,2.04,NQNX,12659
DNN,20250717 09:31:27.345000,707353,800,1031225,2.04,IEX,12544
DNN,20250717 09:31:27.349000,707361,2500,1034235,2.04,NQNX,12544
DNN,20250717 09:31:27.352000,707366,271,1034506,2.05,NQNX,12544
DNN,20250717 09:31:28.014000,708015,1300,1035806,2.05,PACF,12544
DNN,20250717 09:31:29.709000,709374,319,1036125,2.05,NQNX,12544
DNN,20250717 09:31:30.939000,710468,100,1036225,2.05,PACF,12544
DNN,20250717 09:31:31.731000,711642,390,1036615,2.05,NQNX,12544
DNN,20250717 09:31:34.882000,715264,10000,1046615,2.04,NQNX,12544
DNN,20250717 09:31:34.883000,715265,500,1047115,2.04,NQNX,12544
DNN,20250717 09:31:35.157000,715426,100,1047715,2.05,PACF,12544
DNN,20250717 09:31:35.157000,715425,100,1047615,2.04,BATY,12639
DNN,20250717 09:31:35.157000,715424,200,1047515,2.04,BATY,12639
DNN,20250717 09:31:35.157000,715423,200,1047315,2.04,BATY,12639
DNN,20250717 09:31:35.157000,715428,100,1047915,2.05,NQEX,12544
DNN,20250717 09:31:35.157000,715427,100,1047815,2.05,NYSE,12544
DNN,20250717 09:31:36.267000,717070,400,1048315,2.04,BATS,12639
DNN,20250717 09:31:36.268000,717076,4500,1071715,2.04,PACF,12639
DNN,20250717 09:31:36.268000,717075,1000,1067215,2.04,PACF,12639
DNN,20250717 09:31:36.268000,717074,1000,1066215,2.04,PACF,12639
DNN,20250717 09:31:36.268000,717110,2354,1134671,2.04,NQEX,12639
DNN,20250717 09:31:36.268000,717072,9200,1058015,2.04,NYSE,12639
DNN,20250717 09:31:36.268000,717073,7200,1065215,2.04,PACF,12639
DNN,20250717 09:31:36.268000,717071,500,1048815,2.04,CHIC,12639
DNN,20250717 09:31:36.268000,717103,7200,1121308,2.04,NQEX,12639
DNN,20250717 09:31:36.268000,717102,4500,1114108,2.04,MIAX,12639
DNN,20250717 09:31:36.268000,717078,600,1072715,2.04,PACF,12639
DNN,20250717 09:31:36.268000,717079,100,1072815,2.04,PACF,12639
DNN,20250717 09:31:36.268000,717080,300,1073115,2.04,PACF,12639
DNN,20250717 09:31:36.268000,717081,6500,1079615,2.04,AMEX,12639
DNN,20250717 09:31:36.268000,717082,300,1079915,2.04,CHIC,12639
DNN,20250717 09:31:36.268000,717083,200,1080115,2.04,AMEX,12639
DNN,20250717 09:31:36.268000,717104,1000,1122308,2.04,NQEX,12639
DNN,20250717 09:31:36.268000,717105,400,1122708,2.04,NQEX,12639
DNN,20250717 09:31:36.268000,717112,2512,1139712,2.04,NQEX,12639
DNN,20250717 09:31:36.268000,717108,2274,1129771,2.04,NQEX,12639
DNN,20250717 09:31:36.268000,717107,2277,1127497,2.04,NQEX,12639
DNN,20250717 09:31:36.268000,717106,2512,1125220,2.04,NQEX,12639
DNN,20250717 09:31:36.268000,717084,6800,1086915,2.04,BATS,12639
DNN,20250717 09:31:36.268000,717093,1000,1097508,2.04,EDGX,12639
DNN,20250717 09:31:36.268000,717094,1100,1098608,2.04,BATS,12639
DNN,20250717 09:31:36.268000,717095,400,1099008,2.04,EDGX,12639
DNN,20250717 09:31:36.268000,717096,7200,1106208,2.04,MEMX,12639
DNN,20250717 09:31:36.268000,717097,1000,1107208,2.04,MEMX,12639
DNN,20250717 09:31:36.268000,717098,1400,1108608,2.04,BATS,12639
DNN,20250717 09:31:36.268000,717099,1000,1109608,2.04,EDGX,12639
DNN,20250717 09:31:36.268000,717092,300,1096508,2.04,BATS,12639
DNN,20250717 09:31:36.268000,717091,3,1096208,2.04,EDGX,12659
DNN,20250717 09:31:36.268000,717111,2529,1137200,2.04,NQEX,12639
DNN,20250717 09:31:36.268000,717109,2546,1132317,2.04,NQEX,12639
DNN,20250717 09:31:36.268000,717085,400,1087315,2.04,EDGE,12639
DNN,20250717 09:31:36.268000,717086,7200,1094515,2.04,EDGX,12639
DNN,20250717 09:31:36.268000,717087,205,1094720,2.04,EDGX,12639
DNN,20250717 09:31:36.268000,717088,1000,1095720,2.04,BATS,12639
DNN,20250717 09:31:36.268000,717089,300,1096020,2.04,EDGX,12639
DNN,20250717 09:31:36.268000,717090,185,1096205,2.04,BATS,12639
DNN,20250717 09:31:36.268000,717077,400,1072115,2.04,PACF,12639
DNN,20250717 09:31:36.271000,717123,100,1139812,2.04,NQEX,12544
DNN,20250717 09:31:36.276000,717125,100,1140012,2.04,NYSE,12544
DNN,20250717 09:31:36.276000,717124,100,1139912,2.04,PACF,12544
DNN,20250717 09:31:36.820000,717866,600,1140612,2.04,NYSE,12544
DNN,20250717 09:31:36.947000,718081,99,1140711,2.04,NQNX,12659
DNN,20250717 09:31:37.004000,718117,11,1140722,2.04,NQNX,12659
DNN,20250717 09:31:37.952000,718794,9700,1150422,2.04,NQEX,12544
DNN,20250717 09:31:39.852000,720850,81,1150503,2.04,NQNX,12659
DNN,20250717 09:31:40.064000,720944,1,1150504,2.04,NQNX,12659
DNN,20250717 09:31:40.792000,721525,5000,1155504,2.04,NQNX,12544
DNN,20250717 09:31:43.850000,723810,400,1155904,2.04,NYSE,12639
DNN,20250717 09:31:44.499000,724172,100,1156104,2.04,NQNX,12544
DNN,20250717 09:31:44.499000,724171,100,1156004,2.04,NQNX,12544
DNN,20250717 09:31:44.689000,724315,8000,1164104,2.04,NQNX,12544
DNN,20250717 09:31:47.883000,726638,254,1164358,2.04,NQNX,12544
DNN,20250717 09:31:47.884000,726639,1,1164359,2.04,NQNX,12640
DNN,20250717 09:31:55.457000,733212,1,1164360,2.04,BATS,12659
DNN,20250717 09:32:00.156000,736760,73,1164433,2.04,NQNX,12659
DNN,20250717 09:32:00.158000,736764,1,1164434,2.04,NQNX,12659
DNN,20250717 09:32:01.416000,737877,50,1164484,2.04,NTRF,12659
DNN,20250717 09:32:06.470000,743009,100,1164584,2.04,NQNX,12544
DNN,20250717 09:32:06.760000,743185,5,1164589,2.04,NQNX,12659
DNN,20250717 09:32:07.583000,744011,100,1165289,2.04,BATY,12639
DNN,20250717 09:32:07.583000,744010,600,1165189,2.04,BATY,12639
DNN,20250717 09:32:07.739000,744208,490,1165779,2.04,NQNX,12544
DNN,20250717 09:32:08.140000,744564,1749,1167528,2.04,NQNX,12544
DNN,20250717 09:32:09.972000,746062,5000,1172528,2.04,NQNX,12544
DNN,20250717 09:32:10.156000,746145,500,1198324,2.04,BATS,12639
DNN,20250717 09:32:10.156000,746146,1000,1199324,2.04,EDGX,12639
DNN,20250717 09:32:10.156000,746149,185,1199795,2.04,NQEX,12639
DNN,20250717 09:32:10.156000,746150,5600,1205395,2.04,MIAX,12639
DNN,20250717 09:32:10.156000,746151,1000,1206395,2.04,NQEX,12639
DNN,20250717 09:32:10.156000,746152,153,1206548,2.04,NQEX,12639
DNN,20250717 09:32:10.156000,746148,286,1199610,2.04,NQEX,12639
DNN,20250717 09:32:10.156000,746144,1400,1197824,2.04,BATS,12639
DNN,20250717 09:32:10.156000,746134,1000,1184433,2.04,EDGX,12639
DNN,20250717 09:32:10.156000,746130,1000,1174528,2.04,PACF,12639
DNN,20250717 09:32:10.156000,746131,1100,1175628,2.04,AMEX,12639
DNN,20250717 09:32:10.156000,746132,7600,1183228,2.04,NYSE,12639
DNN,20250717 09:32:10.156000,746137,2500,1193533,2.04,MEMX,12639
DNN,20250717 09:32:10.156000,746136,1000,1191033,2.04,MEMX,12639
DNN,20250717 09:32:10.156000,746135,5600,1190033,2.04,MEMX,12639
DNN,20250717 09:32:10.156000,746138,1000,1194533,2.04,BATS,12639
DNN,20250717 09:32:10.156000,746139,300,1194833,2.04,EDGX,12639
DNN,20250717 09:32:10.156000,746140,188,1195021,2.04,BATS,12639
DNN,20250717 09:32:10.156000,746141,3,1195024,2.04,EDGX,12659
DNN,20250717 09:32:10.156000,746142,1100,1196124,2.04,BATS,12639
DNN,20250717 09:32:10.156000,746143,300,1196424,2.04,EDGX,12639
DNN,20250717 09:32:10.156000,746133,205,1183433,2.04,BATS,12639
DNN,20250717 09:32:10.156000,746129,1000,1173528,2.04,PACF,12639
DNN,20250717 09:32:10.157000,746155,100,1206648,2.06,AMEX,12544
DNN,20250717 09:32:10.445000,746271,263,1206911,2.06,NQNX,12544
DNN,20250717 09:32:12.252000,747809,200,1207111,2.05,NQNX,12544
DNN,20250717 09:32:12.776000,748285,100,1207211,2.04,NQNX,12668
DNN,20250717 09:32:12.813000,748324,7700,1214911,2.05,NQNX,12544
DNN,20250717 09:32:12.831000,748333,1300,1216211,2.05,BTRF,12544
DNN,20250717 09:32:12.881000,748382,1000,1217211,2.05,NQNX,12544
DNN,20250717 09:32:13.620000,749008,8000,1225211,2.04,NQNX,12544
DNN,20250717 09:32:14.348000,749509,718,1225929,2.05,NQNX,12544
DNN,20250717 09:32:16.216000,751989,1,1225939,2.06,NQNX,12640
DNN,20250717 09:32:16.216000,751988,9,1225938,2.06,NQNX,12659
DNN,20250717 09:32:16.868000,752619,100,1226039,2.05,EDGX,12544
DNN,20250717 09:32:16.869000,752622,100,1226139,2.05,EDGX,12544
DNN,20250717 09:32:16.869000,752625,100,1226439,2.05,NQNX,12544
DNN,20250717 09:32:16.869000,752624,100,1226339,2.05,EDGE,12544
DNN,20250717 09:32:16.869000,752623,100,1226239,2.05,BATS,12544
DNN,20250717 09:32:16.871000,752631,100,1226839,2.05,NQNX,12544
DNN,20250717 09:32:16.871000,752630,100,1226739,2.05,NQNX,12544
DNN,20250717 09:32:16.871000,752629,100,1226639,2.05,NQNX,12544
DNN,20250717 09:32:16.871000,752628,100,1226539,2.05,EDGX,12544
DNN,20250717 09:32:16.871000,752632,100,1226939,2.05,EDGE,12544
DNN,20250717 09:32:16.872000,752633,100,1227039,2.05,NQNX,12544
DNN,20250717 09:32:16.872000,752634,100,1227139,2.05,NQNX,12544
DNN,20250717 09:32:23.419000,757823,100,1227239,2.06,NQNX,12544
DNN,20250717 09:32:23.420000,757824,100,1227339,2.06,NQNX,12544
DNN,20250717 09:32:26.170000,760512,9800,1237139,2.05,NQNX,12544
DNN,20250717 09:32:26.171000,760515,9800,1255439,2.05,MEMX,12544
DNN,20250717 09:32:26.171000,760514,8500,1245639,2.05,NQNX,12544
DNN,20250717 09:32:26.174000,760516,9800,1265239,2.05,NQNX,12544
DNN,20250717 09:32:26.174000,760518,9800,1277115,2.05,PACF,12544
DNN,20250717 09:32:26.174000,760519,1500,1278615,2.05,PACF,12544
DNN,20250717 09:32:26.174000,760517,2076,1267315,2.05,PACF,12544
DNN,20250717 09:32:26.174000,760520,1200,1279815,2.05,PACF,12544
DNN,20250717 09:32:26.176000,760521,9800,1289615,2.05,NQNX,12544
DNN,20250717 09:32:26.179000,760527,13076,1302691,2.05,NYSE,12544
DNN,20250717 09:32:26.975000,761128,5,1302696,2.04,NTRF,12659
DNN,20250717 09:32:34.656000,767945,484,1303180,2.06,NQNX,12544
DNN,20250717 09:32:35.601000,769220,17700,1320880,2.05,NQNX,12544
DNN,20250717 09:32:36.240000,769902,718,1321598,2.05,NQNX,12544
DNN,20250717 09:32:36.496000,770307,200,1321798,2.05,NQNX,12544
DNN,20250717 09:32:36.618000,770762,3824,1327798,2.06,NYSE,12544
DNN,20250717 09:32:36.618000,770760,100,1321898,2.06,BATY,12544
DNN,20250717 09:32:36.618000,770763,600,1328398,2.05,AMEX,12544
DNN,20250717 09:32:36.618000,770761,2076,1323974,2.05,NYSE,12544
DNN,20250717 09:32:36.619000,770764,1300,1329698,2.05,NQNX,12544
DNN,20250717 09:32:36.619000,770770,2800,1338398,2.06,IEX,12544
DNN,20250717 09:32:36.619000,770769,1800,1335598,2.06,IEX,12544
DNN,20250717 09:32:36.619000,770768,500,1333798,2.06,IEX,12544
DNN,20250717 09:32:36.619000,770767,2400,1333298,2.06,IEX,12544
DNN,20250717 09:32:36.619000,770766,100,1330898,2.06,IEX,12544
DNN,20250717 09:32:36.619000,770765,1100,1330798,2.06,IEX,12544
DNN,20250717 09:32:36.719000,770882,100,1338498,2.05,NQEX,12639
DNN,20250717 09:32:36.719000,770883,1500,1339998,2.05,NQEX,12639
DNN,20250717 09:32:36.719000,770885,200,1341398,2.05,NQEX,12639
DNN,20250717 09:32:36.719000,770884,1200,1341198,2.05,NQEX,12639
DNN,20250717 09:32:37.652000,771568,1300,1354898,2.05,NQNX,12544
DNN,20250717 09:32:37.652000,771566,100,1353098,2.06,IEX,12544
DNN,20250717 09:32:37.652000,771567,500,1353598,2.06,IEX,12544
DNN,20250717 09:32:37.652000,771565,8900,1352998,2.06,IEX,12544
DNN,20250717 09:32:37.652000,771564,2700,1344098,2.06,IEX,12544
DNN,20250717 09:32:38.673000,773471,600,1364498,2.06,IEX,12544
DNN,20250717 09:32:38.673000,773472,1300,1365798,2.05,NQNX,12544
DNN,20250717 09:32:38.673000,773470,100,1363898,2.06,IEX,12544
DNN,20250717 09:32:38.673000,773468,1600,1361098,2.06,IEX,12544
DNN,20250717 09:32:38.673000,773467,900,1359498,2.05,MIAX,12544
DNN,20250717 09:32:38.673000,773469,2700,1363798,2.06,IEX,12544
DNN,20250717 09:32:38.673000,773466,1700,1358598,2.05,AMEX,12544
DNN,20250717 09:32:38.673000,773465,2000,1356898,2.06,NYSE,12544
DNN,20250717 09:32:38.674000,773477,134,1365932,2.06,NQNX,12544
DNN,20250717 09:32:39.694000,774609,3424,1372632,2.06,NQNX,12544
DNN,20250717 09:32:39.694000,774608,966,1369208,2.06,NQNX,12544
DNN,20250717 09:32:39.694000,774607,1744,1368242,2.06,NQNX,12544
DNN,20250717 09:32:39.694000,774606,566,1366498,2.06,NQNX,12544
DNN,20250717 09:32:40.152000,775107,2876,1375508,2.06,NQNX,12544
DNN,20250717 09:32:40.159000,775123,3800,1379308,2.06,IEX,12544
DNN,20250717 09:32:40.397000,775306,4200,1383508,2.05,NQNX,12544
DNN,20250717 09:32:40.533000,775419,1700,1385208,2.06,AMEX,12544
DNN,20250717 09:32:40.534000,775428,700,1388439,2.06,PACF,12544
DNN,20250717 09:32:40.534000,775426,81,1387689,2.06,NQEX,12659
DNN,20250717 09:32:40.534000,775427,50,1387739,2.06,PACF,12659
DNN,20250717 09:32:40.534000,775429,1650,1390089,2.06,PACF,12544
DNN,20250717 09:32:40.534000,775424,19,1387608,2.06,NQEX,12659
DNN,20250717 09:32:40.534000,775423,268,1387589,2.06,NQEX,12544
DNN,20250717 09:32:40.534000,775420,200,1385408,2.06,MIAX,12544
DNN,20250717 09:32:40.534000,775422,1900,1387321,2.06,NQEX,12544
DNN,20250717 09:32:40.534000,775421,13,1385421,2.06,NQEX,12659
DNN,20250717 09:32:40.907000,775795,200,1390289,2.05,NQNX,12544
DNN,20250717 09:32:40.953000,775848,1700,1391989,2.06,BATS,12544
DNN,20250717 09:32:41.335000,776574,9,1391998,2.06,NQNX,12659
DNN,20250717 09:32:41.372000,776597,800,1392798,2.06,CHIC,12544
DNN,20250717 09:32:41.662000,776890,400,1393198,2.06,NQNX,12544
DNN,20250717 09:32:41.663000,776892,400,1394827,2.06,NQNX,12544
DNN,20250717 09:32:41.663000,776893,400,1395227,2.06,NQNX,12544
DNN,20250717 09:32:41.663000,776894,1229,1396456,2.06,NQNX,12544
DNN,20250717 09:32:41.663000,776891,1229,1394427,2.06,NQNX,12544
DNN,20250717 09:32:41.664000,776895,26,1396482,2.06,NQNX,12659
DNN,20250717 09:32:41.664000,776896,1229,1397711,2.06,NQNX,12544
DNN,20250717 09:32:41.664000,776897,26,1397737,2.05,NQNX,12659
DNN,20250717 09:32:41.664000,776898,3087,1400824,2.06,NQNX,12544
DNN,20250717 09:32:41.664000,776899,400,1401224,2.05,NQNX,12544
DNN,20250717 09:32:41.665000,776900,400,1401624,2.05,NQNX,12544
DNN,20250717 09:32:41.665000,776901,1229,1402853,2.05,NQNX,12544
DNN,20250717 09:32:41.665000,776902,1229,1404082,2.05,NQNX,12544
DNN,20250717 09:32:41.665000,776903,400,1404482,2.05,NQNX,12544
DNN,20250717 09:32:41.666000,776906,3087,1408798,2.05,NQNX,12544
DNN,20250717 09:32:41.666000,776905,1229,1405711,2.05,NQNX,12544
DNN,20250717 09:32:41.793000,777084,700,1409498,2.06,CHIC,12544
DNN,20250717 09:32:42.141000,777409,2309,1411807,2.05,NQNX,12544
DNN,20250717 09:32:42.213000,777502,500,1412307,2.06,CHIC,12544
DNN,20250717 09:32:42.633000,777750,400,1412707,2.06,CHIC,12544
DNN,20250717 09:32:42.837000,777936,6000,1418707,2.05,NQNX,12544
DNN,20250717 09:32:43.053000,778234,300,1419007,2.06,CHIC,12544
DNN,20250717 09:32:43.443000,778655,6000,1425007,2.05,NQNX,12544
DNN,20250717 09:32:43.474000,778663,300,1425307,2.06,NQNX,12544
DNN,20250717 09:32:43.723000,778791,300,1425607,2.06,NQNX,12544
DNN,20250717 09:32:44.134000,779179,300,1425907,2.06,NQNX,12544
DNN,20250717 09:32:44.428000,779340,8800,1434707,2.05,NQNX,12544
DNN,20250717 09:32:44.501000,779382,9000,1443707,2.06,NQNX,12544
DNN,20250717 09:32:44.579000,779439,300,1444007,2.06,NQNX,12544
DNN,20250717 09:32:44.973000,779794,300,1444307,2.06,NQNX,12544
DNN,20250717 09:32:45.393000,780161,300,1444607,2.06,NQNX,12544
DNN,20250717 09:32:45.647000,780291,1,1444608,2.05,NQNX,12659
DNN,20250717 09:32:45.814000,780337,300,1444908,2.06,NQNX,12544
DNN,20250717 09:32:46.217000,781441,6000,1450908,2.06,NQNX,12544
DNN,20250717 09:32:46.233000,781451,300,1451208,2.06,NQNX,12544
DNN,20250717 09:32:46.383000,781704,50,1451258,2.04,NQNX,12659
DNN,20250717 09:32:46.402000,781707,3000,1454258,2.05,NQNX,12544
DNN,20250717 09:32:46.471000,781742,1000,1455258,2.06,PACF,12639
DNN,20250717 09:32:46.471000,781743,1000,1456258,2.06,PACF,12639
DNN,20250717 09:32:46.471000,781744,1000,1457258,2.06,NYSE,12639
DNN,20250717 09:32:46.476000,781745,700,1457958,2.06,NQNX,12544
DNN,20250717 09:32:46.483000,781749,429,1458387,2.06,NQNX,12544
DNN,20250717 09:32:46.489000,781752,1200,1463187,2.06,NQNX,12544
DNN,20250717 09:32:46.489000,781754,1629,1465016,2.06,NQNX,12544
DNN,20250717 09:32:46.489000,781753,200,1463387,2.06,NQNX,12544
DNN,20250717 09:32:46.489000,781750,2800,1461187,2.06,NQNX,12544
DNN,20250717 09:32:46.489000,781751,800,1461987,2.06,NQNX,12544
DNN,20250717 09:32:46.501000,781758,200,1465216,2.06,IEX,12544
DNN,20250717 09:32:46.509000,781762,3000,1473416,2.06,IEX,12544
DNN,20250717 09:32:46.509000,781760,5200,1470416,2.06,NYSE,12544
DNN,20250717 09:32:46.509000,781763,100,1473516,2.06,IEX,12544
DNN,20250717 09:32:46.552000,781775,7600,1487016,2.06,IEX,12544
DNN,20250717 09:32:46.552000,781774,100,1479416,2.06,IEX,12544
DNN,20250717 09:32:46.552000,781773,5800,1479316,2.06,IEX,12544
DNN,20250717 09:32:46.804000,782015,1700,1488716,2.05,NQEX,12544
DNN,20250717 09:32:46.969000,782111,500,1489216,2.05,NQNX,12544
DNN,20250717 09:32:46.981000,782117,75,1489291,2.06,AMEX,12659
DNN,20250717 09:32:46.981000,782118,1225,1490516,2.06,AMEX,12544
DNN,20250717 09:32:47.392000,782419,1000,1491516,2.06,AMEX,12544
DNN,20250717 09:32:47.478000,782437,1,1492143,2.06,NQNX,12640
DNN,20250717 09:32:47.478000,782436,626,1492142,2.06,NQNX,12544
DNN,20250717 09:32:47.630000,782634,775,1493693,2.05,NQNX,12544
DNN,20250717 09:32:47.630000,782633,775,1492918,2.06,NQNX,12544
DNN,20250717 09:32:47.630000,782635,2225,1495918,2.05,NQNX,12544
DNN,20250717 09:32:47.757000,782688,9000,1504918,2.05,NQNX,12544
DNN,20250717 09:32:47.838000,782750,100,1505618,2.06,NQEX,12544
DNN,20250717 09:32:47.838000,782741,600,1505518,2.06,BATS,12544
DNN,20250717 09:32:47.841000,782753,1000,1506918,2.06,CHIC,12639
DNN,20250717 09:32:47.841000,782752,300,1505918,2.06,CHIC,12639
DNN,20250717 09:32:47.841000,782754,47,1506965,2.06,BATS,12659
DNN,20250717 09:32:47.841000,782755,300,1507265,2.06,EDGX,12639
DNN,20250717 09:32:47.842000,782756,1,1507266,2.06,NQNX,12659
DNN,20250717 09:32:49.527000,785056,500,1507766,2.06,NQNX,12544
DNN,20250717 09:32:50.155000,785716,8800,1516566,2.06,NQNX,12544
DNN,20250717 09:32:50.473000,785976,9000,1525566,2.06,NQNX,12544
DNN,20250717 09:32:50.525000,786024,4200,1529766,2.06,NQNX,12544
DNN,20250717 09:32:51.034000,786572,5000,1534766,2.06,NQNX,12544
DNN,20250717 09:32:51.853000,787225,300,1535066,2.06,NQNX,12544
DNN,20250717 09:32:51.855000,787228,125,1535191,2.06,NTRF,12544
DNN,20250717 09:32:52.152000,787529,100,1535291,2.06,BATY,12639
DNN,20250717 09:32:52.233000,787673,3500,1538791,2.06,NTRF,12544
DNN,20250717 09:32:52.312000,787778,6820,1545611,2.06,NTRF,12544
DNN,20250717 09:32:52.986000,788108,10,1545621,2.06,NQNX,12659
DNN,20250717 09:32:53.452000,788455,9000,1554621,2.06,NQNX,12544
DNN,20250717 09:33:03.310000,797024,50,1554671,2.06,NQNX,12659
DNN,20250717 09:33:04.779000,799559,100,1554771,2.06,NQNX,12544
DNN,20250717 09:33:05.801000,800865,100,1554871,2.06,NQNX,12544
DNN,20250717 09:33:05.855000,800979,500,1555371,2.06,NQNX,12544
DNN,20250717 09:33:05.871000,800985,2300,1557671,2.06,NQNX,12544
DNN,20250717 09:33:06.562000,801617,800,1558471,2.06,NQNX,12544
DNN,20250717 09:33:07.470000,802535,9999,1568470,2.06,NQNX,12544
DNN,20250717 09:33:10.168000,804528,500,1568970,2.06,NTRF,12544
DNN,20250717 09:33:10.352000,804658,2800,1571770,2.06,NQNX,12544
DNN,20250717 09:33:11.276000,805393,13400,1585170,2.06,NQNX,12544
DNN,20250717 09:33:11.344000,805422,2,1585172,2.06,NQNX,12659
DNN,20250717 09:33:11.405000,805451,100,1585272,2.06,NQNX,12544
DNN,20250717 09:33:11.541000,805590,5000,1590272,2.06,NQNX,12544
DNN,20250717 09:33:15.169000,808317,2800,1593072,2.06,NQNX,12544
DNN,20250717 09:33:15.509000,808478,1,1593073,2.06,NQNX,12659
DNN,20250717 09:33:16.212000,809176,100,1593173,2.06,NQNX,12544
DNN,20250717 09:33:16.394000,809456,9000,1602173,2.06,NQNX,12544
DNN,20250717 09:33:17.180000,810891,1500,1603673,2.06,NTRF,12544
DNN,20250717 09:33:17.280000,811146,100,1603873,2.06,IEX,12544
DNN,20250717 09:33:17.280000,811145,100,1603773,2.06,IEX,12544
DNN,20250717 09:33:17.437000,811490,3350,1607223,2.06,NYSE,12639
DNN,20250717 09:33:17.437000,811491,2550,1609773,2.06,NYSE,12639
DNN,20250717 09:33:17.437000,811500,1500,1623930,2.06,CHIC,12639
DNN,20250717 09:33:17.437000,811498,200,1621430,2.06,AMEX,12639
DNN,20250717 09:33:17.437000,811497,1500,1621230,2.06,CHIC,12639
DNN,20250717 09:33:17.437000,811496,1500,1619730,2.06,CHIC,12639
DNN,20250717 09:33:17.437000,811495,2500,1618230,2.06,PACF,12639
DNN,20250717 09:33:17.437000,811499,1000,1622430,2.06,CHIC,12639
DNN,20250717 09:33:17.437000,811492,3915,1613688,2.06,PACF,12639
DNN,20250717 09:33:17.437000,811493,400,1614088,2.06,PACF,12639
DNN,20250717 09:33:17.437000,811507,26,1627507,2.06,MEMX,12659
DNN,20250717 09:33:17.437000,811506,371,1627481,2.06,MEMX,12639
DNN,20250717 09:33:17.437000,811505,5,1627110,2.06,MEMX,12659
DNN,20250717 09:33:17.437000,811504,2500,1627105,2.06,AMEX,12639
DNN,20250717 09:33:17.437000,811503,100,1624605,2.06,AMEX,12639
DNN,20250717 09:33:17.437000,811502,101,1624505,2.06,AMEX,12639
DNN,20250717 09:33:17.437000,811501,474,1624404,2.06,AMEX,12639
DNN,20250717 09:33:17.437000,811508,300,1627807,2.06,MEMX,12639
DNN,20250717 09:33:17.437000,811509,100,1627907,2.06,MEMX,12639
DNN,20250717 09:33:17.437000,811494,1642,1615730,2.06,PACF,12639
DNN,20250717 09:33:17.437000,811510,2700,1630607,2.06,IEX,12544
DNN,20250717 09:33:17.437000,811511,100,1630707,2.06,IEX,12544
DNN,20250717 09:33:17.438000,811515,100,1631027,2.06,NQEX,12639
DNN,20250717 09:33:17.438000,811514,100,1630927,2.06,NQEX,12639
DNN,20250717 09:33:17.438000,811512,100,1630807,2.06,MIAX,12639
DNN,20250717 09:33:17.438000,811513,20,1630827,2.06,MIAX,12659
DNN,20250717 09:33:17.495000,811540,100,1631127,2.08,NQNX,12544
DNN,20250717 09:33:17.498000,811545,15,1631142,2.08,NTRF,12659
DNN,20250717 09:33:18.089000,813128,9000,1640142,2.07,NQNX,12544
DNN,20250717 09:33:20.452000,817402,5,1640147,2.07,NQNX,12659
DNN,20250717 09:33:20.774000,817670,7,1644154,2.05,NQNX,12640
DNN,20250717 09:33:20.774000,817667,4000,1644147,2.07,NQNX,12544
DNN,20250717 09:33:22.148000,818923,1,1644155,2.06,NQNX,12659
DNN,20250717 09:33:22.225000,819028,25,1644180,2.07,NQNX,12659
DNN,20250717 09:33:22.225000,819029,1,1644181,2.07,NQNX,12640
DNN,20250717 09:33:23.782000,820532,4800,1648981,2.07,NQNX,12544
DNN,20250717 09:33:23.945000,820631,4000,1652981,2.07,NQNX,12544
DNN,20250717 09:33:24.822000,821275,3000,1655981,2.07,NQNX,12544
DNN,20250717 09:33:25.100000,821450,99,1656080,2.06,NQNX,12659
DNN,20250717 09:33:25.799000,822501,7000,1663080,2.07,NQNX,12544
DNN,20250717 09:33:27.097000,823322,5000,1668080,2.07,NTRF,12544
DNN,20250717 09:33:28.372000,824112,9999,1678079,2.07,NQNX,12544
DNN,20250717 09:33:28.375000,824113,1,1678080,2.07,NQNX,12659
DNN,20250717 09:33:28.387000,824118,1,1678081,2.07,NQNX,12640
DNN,20250717 09:33:28.563000,824240,1000,1679081,2.08,BATS,12544
DNN,20250717 09:33:28.571000,824267,1,1679082,2.07,NQNX,12659
DNN,20250717 09:33:28.946000,824602,100,1679182,2.07,NQNX,12544
DNN,20250717 09:33:29.540000,825507,17,1679199,2.04,NQNX,12640
DNN,20250717 09:33:29.801000,825856,3,1679202,2.08,NQNX,12659
DNN,20250717 09:33:29.975000,826000,500,1679702,2.07,NQNX,12544
DNN,20250717 09:33:30.234000,826088,100,1679802,2.07,NQNX,12544
DNN,20250717 09:33:30.685000,826509,500,1680302,2.07,NQNX,12544
DNN,20250717 09:33:31.249000,826803,400,1680702,2.08,BATS,12544
DNN,20250717 09:33:31.396000,826873,500,1681202,2.08,NQNX,12544
DNN,20250717 09:33:31.974000,827128,1000,1682202,2.07,NQNX,12544
DNN,20250717 09:33:32.534000,827400,500,1682702,2.07,NQNX,12544
DNN,20250717 09:33:32.576000,827431,24,1682750,2.07,NQNX,12659
DNN,20250717 09:33:32.576000,827430,24,1682726,2.08,NQNX,12659
DNN,20250717 09:33:32.578000,827433,1,1682751,2.07,NQNX,12659
DNN,20250717 09:33:32.734000,827495,1500,1684251,2.07,NQNX,12544
DNN,20250717 09:33:32.959000,827626,1500,1685751,2.07,NTRF,12544
DNN,20250717 09:33:33.568000,828065,8000,1693751,2.07,NQNX,12544
DNN,20250717 09:33:34.043000,828294,300,1694051,2.07,NQNX,12544
DNN,20250717 09:33:34.078000,828312,9000,1703051,2.07,NQNX,12544
DNN,20250717 09:33:34.335000,828477,4000,1707051,2.07,NQNX,12544
DNN,20250717 09:33:34.735000,829074,99,1707150,2.08,NQNX,12659
DNN,20250717 09:33:35.053000,829257,500,1707650,2.07,NQNX,12544
DNN,20250717 09:33:35.367000,829441,8000,1715650,2.07,NQNX,12544
DNN,20250717 09:33:35.629000,829629,490,1716160,2.07,NQNX,12544
DNN,20250717 09:33:35.629000,829621,10,1715660,2.07,NQNX,12659
DNN,20250717 09:33:35.629000,829622,10,1715670,2.06,NQNX,12659
DNN,20250717 09:33:36.388000,830170,1,1716161,2.08,NTRF,12659
DNN,20250717 09:33:38.268000,831220,168,1716329,2.08,NQNX,12544
DNN,20250717 09:33:38.269000,831221,1,1716330,2.08,NQNX,12640
DNN,20250717 09:33:39.160000,831911,100,1716430,2.08,BATY,12639
DNN,20250717 09:33:40.041000,832610,1,1716911,2.08,NQNX,12640
DNN,20250717 09:33:40.041000,832609,480,1716910,2.08,NQNX,12544
DNN,20250717 09:33:41.203000,833349,420,1717331,2.07,NQNX,12544
DNN,20250717 09:33:42.227000,834288,718,1718049,2.07,NQNX,12544
DNN,20250717 09:33:43.115000,834782,1,1718050,2.07,NQNX,12659
DNN,20250717 09:33:44.928000,836100,1000,1719050,2.08,NYSE,12639
DNN,20250717 09:33:45.543000,836640,9624,1728674,2.07,NQNX,12544
DNN,20250717 09:33:45.555000,836642,14,1728688,2.07,NQNX,12659
DNN,20250717 09:33:45.560000,836644,1,1728690,2.07,NQNX,12659
DNN,20250717 09:33:45.560000,836643,1,1728689,2.08,NQNX,12659
DNN,20250717 09:33:46.126000,837076,1100,1729790,2.07,NQNX,12544
DNN,20250717 09:33:47.345000,838034,1,1731261,2.07,NQNX,12640
DNN,20250717 09:33:47.345000,838033,1470,1731260,2.07,NQNX,12544
DNN,20250717 09:33:48.852000,839238,10,1731271,2.06,NQNX,12659
DNN,20250717 09:33:50.731000,840407,99,1731370,2.06,NTRF,12659
DNN,20250717 09:33:52.297000,842844,99,1731469,2.06,NQNX,12659
DNN,20250717 09:33:52.341000,843031,1,1731470,2.07,NQNX,12659
DNN,20250717 09:33:54.613000,844959,20,1731490,2.08,NQNX,12659
DNN,20250717 09:33:54.999000,845368,1900,1733390,2.07,NQNX,12544
DNN,20250717 09:33:55.548000,845780,100,1733490,2.07,NQNX,12544
DNN,20250717 09:33:55.670000,845862,2019,1735509,2.07,NTRF,12544
DNN,20250717 09:33:57.853000,847339,25,1735534,2.07,NQNX,12659
DNN,20250717 09:33:58.920000,849108,49,1735583,2.07,BATS,12659
DNN,20250717 09:33:59.397000,849430,9000,1744583,2.07,NQNX,12544
DNN,20250717 09:33:59.814000,849748,99,1744682,2.08,NQNX,12659
DNN,20250717 09:34:02.403000,852154,50,1744732,2.06,NTRF,12659
DNN,20250717 09:34:03.508000,853089,200,1745132,2.06,NQNX,12544
DNN,20250717 09:34:03.508000,853088,200,1744932,2.07,NQNX,12544
DNN,20250717 09:34:05.637000,854752,1,1745133,2.08,NQNX,12659
DNN,20250717 09:34:07.335000,856704,100,1745233,2.07,NQNX,12544
DNN,20250717 09:34:08.128000,857455,100,1745333,2.08,BATY,12639
DNN,20250717 09:34:08.806000,857974,100,1745433,2.07,NQNX,12544
DNN,20250717 09:34:09.230000,858289,99,1745532,2.07,NQNX,12659
DNN,20250717 09:34:09.230000,858290,99,1745631,2.06,NQNX,12659
DNN,20250717 09:34:10.999000,859460,2,1745633,2.07,NQNX,12659
DNN,20250717 09:34:11.463000,859687,20,1745653,2.07,NQNX,12659
DNN,20250717 09:34:12.345000,860389,1000,1746653,2.07,NQNX,12544
DNN,20250717 09:34:12.668000,860691,2974,1749627,2.07,NQNX,12544
DNN,20250717 09:34:13.490000,861388,500,1750127,2.07,NQNX,12544
DNN,20250717 09:34:14.078000,861816,1000,1751127,2.07,NQNX,12544
DNN,20250717 09:34:14.552000,862669,35,1751197,2.07,NQNX,12659
DNN,20250717 09:34:14.552000,862668,35,1751162,2.08,NQNX,12659
DNN,20250717 09:34:19.271000,865857,4,1751297,2.08,BATY,12659
DNN,20250717 09:34:19.271000,865856,96,1751293,2.08,BATY,12659
DNN,20250717 09:34:20.791000,866942,2000,1753297,2.07,NQNX,12544
DNN,20250717 09:34:21.938000,867788,8000,1761297,2.06,NQNX,12544
DNN,20250717 09:34:22.543000,868178,940,1762237,2.08,NQNX,12544
DNN,20250717 09:34:22.543000,868180,8060,1771237,2.07,NQNX,12544
DNN,20250717 09:34:22.543000,868179,940,1763177,2.07,NQNX,12544
DNN,20250717 09:34:24.436000,869611,9999,1781236,2.07,BTRF,12544
DNN,20250717 09:34:24.765000,869872,6000,1787236,2.07,NQNX,12544
DNN,20250717 09:34:26.257000,871239,99,1787335,2.08,NQNX,12659
DNN,20250717 09:34:27.211000,872152,35,1787370,2.07,NQNX,12659
DNN,20250717 09:34:27.875000,872759,99,1787469,2.08,NQNX,12659
DNN,20250717 09:34:28.273000,873058,99,1787568,2.08,NQNX,12659
DNN,20250717 09:34:30.145000,874557,1600,1789168,2.07,NQNX,12544
DNN,20250717 09:34:31.777000,876386,9384,1798552,2.07,NQNX,12544
DNN,20250717 09:34:33.427000,877483,5,1798557,2.08,NQNX,12659
DNN,20250717 09:34:34.913000,878331,10,1798567,2.08,NTRF,12659
DNN,20250717 09:34:35.451000,878759,297,1798864,2.07,NQNX,12544
DNN,20250717 09:34:35.538000,878827,9999,1808863,2.07,NQNX,12544
DNN,20250717 09:34:35.631000,878872,100,1808963,2.07,NQNX,12544
DNN,20250717 09:34:35.861000,879005,2000,1810963,2.07,NTRF,12544
DNN,20250717 09:34:37.266000,879859,2700,1813663,2.07,NQNX,12544
DNN,20250717 09:34:37.333000,879990,1000,1817454,2.08,PACF,12544
DNN,20250717 09:34:37.333000,879991,1,1817455,2.08,PACF,12659
DNN,20250717 09:34:37.333000,879992,1000,1818455,2.08,PACF,12544
DNN,20250717 09:34:37.333000,880000,372,1834629,2.08,MEMX,12639
DNN,20250717 09:34:37.333000,880005,16,1836175,2.08,NQEX,12659
DNN,20250717 09:34:37.333000,880004,500,1836159,2.08,MIAX,12639
DNN,20250717 09:34:37.333000,880003,25,1835659,2.08,MIAX,12659
DNN,20250717 09:34:37.333000,880002,1000,1835634,2.08,MEMX,12639
DNN,20250717 09:34:37.333000,879986,1,1813664,2.08,EDGX,12659
DNN,20250717 09:34:37.333000,880001,5,1834634,2.08,MEMX,12659
DNN,20250717 09:34:37.333000,879987,400,1814064,2.08,EDGX,12639
DNN,20250717 09:34:37.333000,879993,1500,1819955,2.08,CHIC,12544
DNN,20250717 09:34:37.333000,879999,8000,1834257,2.08,MEMX,12639
DNN,20250717 09:34:37.333000,879994,1,1819956,2.08,AMEX,12659
DNN,20250717 09:34:37.333000,880007,100,1836780,2.08,NQEX,12639
DNN,20250717 09:34:37.333000,880006,505,1836680,2.08,NQEX,12639
DNN,20250717 09:34:37.333000,879989,1991,1816454,2.08,PACF,12544
DNN,20250717 09:34:37.333000,879996,1500,1822456,2.08,CHIC,12544
DNN,20250717 09:34:37.333000,879997,1500,1823956,2.08,CHIC,12544
DNN,20250717 09:34:37.333000,879998,2301,1826257,2.08,EDGX,12544
DNN,20250717 09:34:37.333000,879995,1000,1820956,2.08,CHIC,12544
DNN,20250717 09:34:37.333000,879988,399,1814463,2.08,EDGX,12639
DNN,20250717 09:34:37.894000,880704,46,1836872,2.08,NQNX,12659
DNN,20250717 09:34:37.894000,880703,46,1836826,2.09,NQNX,12659
DNN,20250717 09:34:37.895000,880705,1554,1838426,2.08,NQNX,12544
DNN,20250717 09:34:39.045000,881713,1000,1839426,2.08,NQNX,12544
DNN,20250717 09:34:40.412000,882893,9999,1849425,2.08,NQNX,12544
DNN,20250717 09:34:40.513000,882951,9000,1858425,2.08,NQNX,12544
DNN,20250717 09:34:42.437000,884505,5,1858430,2.08,NQNX,12659
DNN,20250717 09:34:42.771000,884740,1000,1859430,2.08,NQNX,12544
DNN,20250717 09:34:43.283000,885083,6000,1865430,2.08,NQNX,12544
DNN,20250717 09:34:45.256000,886444,16,1865446,2.09,NQNX,12659
DNN,20250717 09:34:45.256000,886446,1,1865447,2.09,NQNX,12640
DNN,20250717 09:34:45.912000,887072,5,1865452,2.09,NQNX,12659
DNN,20250717 09:34:46.042000,887193,1500,1866952,2.08,NTRF,12544
DNN,20250717 09:34:46.310000,887301,2000,1868952,2.08,NTRF,12544
DNN,20250717 09:34:47.952000,888855,36,1868988,2.08,NQNX,12659
DNN,20250717 09:34:48.953000,889260,1000,1869988,2.08,NQNX,12544
DNN,20250717 09:34:49.237000,889422,1,1869989,2.08,NQNX,12659
DNN,20250717 09:34:49.514000,889670,9000,1878989,2.08,NQNX,12544
DNN,20250717 09:34:49.874000,890056,8000,1886989,2.09,NQNX,12544
DNN,20250717 09:34:51.963000,891755,100,1887089,2.09,BOST,12639
DNN,20250717 09:34:53.378000,892456,4,1887093,2.08,NQNX,12659
DNN,20250717 09:34:53.388000,892462,1,1887094,2.08,NQNX,12640
DNN,20250717 09:34:54.038000,892897,3000,1890094,2.08,NQNX,12544
DNN,20250717 09:34:54.555000,893385,8315,1898409,2.09,NQNX,12544
DNN,20250717 09:34:56.661000,894410,100,1898509,2.08,NTRF,12544
DNN,20250717 09:34:57.895000,895464,333,1898842,2.08,NQNX,12544
DNN,20250717 09:34:58.090000,895649,1000,1908443,2.09,CHIC,12544
DNN,20250717 09:34:58.090000,895653,50,1912993,2.09,AMEX,12659
DNN,20250717 09:34:58.090000,895654,200,1913193,2.09,AMEX,12544
DNN,20250717 09:34:58.090000,895655,5,1913198,2.09,AMEX,12659
DNN,20250717 09:34:58.090000,895656,8898,1922096,2.09,BATS,12544
DNN,20250717 09:34:58.090000,895657,350,1922446,2.09,EDGX,12544
DNN,20250717 09:34:58.090000,895658,99,1922545,2.09,EDGX,12659
DNN,20250717 09:34:58.090000,895652,1500,1912943,2.09,CHIC,12544
DNN,20250717 09:34:58.090000,895648,5000,1907443,2.09,PACF,12544
DNN,20250717 09:34:58.090000,895651,1500,1911443,2.09,CHIC,12544
DNN,20250717 09:34:58.090000,895647,1,1902443,2.09,PACF,12659
DNN,20250717 09:34:58.090000,895646,1100,1902442,2.09,BATS,12639
DNN,20250717 09:34:58.090000,895650,1500,1909943,2.09,CHIC,12544
DNN,20250717 09:34:58.090000,895645,2500,1901342,2.09,BATS,12639
DNN,20250717 09:34:58.091000,895667,310,1935445,2.09,EDGX,12639
DNN,20250717 09:34:58.091000,895668,250,1935695,2.09,MIAX,12544
DNN,20250717 09:34:58.091000,895669,1,1935696,2.09,MIAX,12659
DNN,20250717 09:34:58.091000,895676,99,1936300,2.09,NQNX,12659
DNN,20250717 09:34:58.091000,895666,99,1935135,2.09,MEMX,12659
DNN,20250717 09:34:58.091000,895675,99,1936201,2.09,NQNX,12659
DNN,20250717 09:34:58.091000,895670,375,1936071,2.09,NQEX,12544
DNN,20250717 09:34:58.091000,895659,6,1922551,2.09,MEMX,12659
DNN,20250717 09:34:58.091000,895665,99,1935036,2.09,MEMX,12659
DNN,20250717 09:34:58.091000,895660,1000,1923551,2.09,MEMX,12544
DNN,20250717 09:34:58.091000,895661,54,1923605,2.09,MEMX,12659
DNN,20250717 09:34:58.091000,895674,31,1936102,2.09,NQNX,12659
DNN,20250717 09:34:58.091000,895662,500,1924105,2.09,MEMX,12544
DNN,20250717 09:34:58.091000,895663,28,1924133,2.09,MEMX,12659
DNN,20250717 09:34:58.091000,895664,10804,1934937,2.09,MEMX,12544
DNN,20250717 09:34:58.094000,895677,10800,1947100,2.09,NQNX,12544
DNN,20250717 09:34:58.105000,895706,1900,1949000,2.09,NQNX,12544
DNN,20250717 09:34:58.238000,895775,2019,1951019,2.09,NTRF,12544
DNN,20250717 09:34:58.382000,895933,9999,1961018,2.09,NQNX,12544
DNN,20250717 09:34:58.500000,896024,600,1961618,2.09,NTRF,12544
DNN,20250717 09:34:58.501000,896025,20,1961638,2.1,NTRF,12659
DNN,20250717 09:34:58.503000,896026,250,1961888,2.1,NQNX,12544
DNN,20250717 09:34:58.505000,896027,476,1962364,2.1,NQNX,12544
DNN,20250717 09:34:58.510000,896030,100,1962464,2.09,NQNX,12544
DNN,20250717 09:34:59.097000,896447,1900,1964364,2.09,NQNX,12544
DNN,20250717 09:34:59.189000,896533,2019,1966383,2.09,NTRF,12544
DNN,20250717 09:35:00.253000,897768,51,1966434,2.05,NQNX,12640
DNN,20250717 09:35:00.391000,897981,1,1966435,2.09,MIAX,12659
DNN,20250717 09:35:00.545000,898210,2019,1968454,2.09,NQNX,12544
DNN,20250717 09:35:00.546000,898211,2019,1970473,2.09,NQNX,12544
DNN,20250717 09:35:00.546000,898212,2019,1972492,2.09,NQNX,12544
DNN,20250717 09:35:00.551000,898215,1900,1974392,2.09,NQNX,12544
DNN,20250717 09:35:00.594000,898247,2019,1976411,2.09,NTRF,12544
DNN,20250717 09:35:00.697000,898404,1000,1977411,2.09,NQNX,12544
DNN,20250717 09:35:00.788000,898453,32,1977443,2.05,NQNX,12640
DNN,20250717 09:35:00.945000,898591,4800,1982243,2.09,NQNX,12544
DNN,20250717 09:35:01.141000,898822,7900,1990143,2.09,NQNX,12544
DNN,20250717 09:35:01.601000,899474,495,1990638,2.1,NQNX,12544
DNN,20250717 09:35:01.601000,899475,495,1991133,2.09,NQNX,12544
DNN,20250717 09:35:01.868000,900159,30,1991163,2.09,NQNX,12659
DNN,20250717 09:35:02.030000,900246,6200,1997363,2.09,NQNX,12544
DNN,20250717 09:35:02.102000,900387,3000,2000363,2.09,NQNX,12544
DNN,20250717 09:35:02.219000,900550,9384,2009747,2.09,NQNX,12544
DNN,20250717 09:35:02.543000,900791,3200,2012947,2.09,NQNX,12544
DNN,20250717 09:35:02.656000,900899,1150,2014097,2.09,NQNX,12544
DNN,20250717 09:35:03.131000,901657,13000,2027097,2.09,NQNX,12544
DNN,20250717 09:35:03.299000,901813,1900,2028997,2.09,NQNX,12544
DNN,20250717 09:35:03.346000,901906,2019,2031016,2.09,NTRF,12544
DNN,20250717 09:35:03.846000,902708,2019,2033035,2.09,NTRF,12544
DNN,20250717 09:35:03.930000,903091,2019,2035054,2.09,NTRF,12544
DNN,20250717 09:35:04.152000,903615,1150,2036204,2.09,NQNX,12544
DNN,20250717 09:35:04.710000,904374,20,2036224,2.09,NQNX,12659
DNN,20250717 09:35:05.602000,905891,100,2036324,2.09,NQNX,12544
DNN,20250717 09:35:05.998000,906370,700,2037024,2.1,NQNX,12544
DNN,20250717 09:35:06.226000,906594,3000,2040024,2.09,NQNX,12544
DNN,20250717 09:35:06.294000,906643,1900,2041924,2.09,NQNX,12544
DNN,20250717 09:35:06.340000,906655,2019,2043943,2.09,NTRF,12544
DNN,20250717 09:35:06.856000,907316,9999,2053942,2.09,NQNX,12544
DNN,20250717 09:35:06.857000,907317,191,2054133,2.09,IEX,12544
DNN,20250717 09:35:06.862000,907318,191,2054324,2.1,NTRF,12544
DNN,20250717 09:35:07.421000,907960,100,2054424,2.09,NQNX,12544
DNN,20250717 09:35:08.337000,908965,500,2054924,2.09,NQNX,12544
DNN,20250717 09:35:09.461000,909850,500,2055424,2.09,NQNX,12544
DNN,20250717 09:35:10.192000,910736,8000,2063424,2.09,NQNX,12544
DNN,20250717 09:35:10.201000,910745,1900,2065324,2.09,NQNX,12544
DNN,20250717 09:35:10.243000,910814,2019,2067343,2.09,NTRF,12544
DNN,20250717 09:35:10.575000,911305,719,2068062,2.09,NQNX,12544
DNN,20250717 09:35:10.843000,911757,5,2068067,2.1,NTRF,12659
DNN,20250717 09:35:11.775000,913301,200,2068267,2.09,NQNX,12544
DNN,20250717 09:35:12.478000,913951,10,2068277,2.09,NQNX,12659
DNN,20250717 09:35:12.586000,914047,200,2068477,2.09,NQNX,12544
DNN,20250717 09:35:12.692000,914348,100,2068977,2.1,BOST,12639
DNN,20250717 09:35:12.692000,914340,400,2068877,2.09,PACF,12544
DNN,20250717 09:35:13.474000,915498,50,2069027,2.09,NTRF,12659
DNN,20250717 09:35:13.478000,915501,13,2069040,2.08,NQNX,12640
DNN,20250717 09:35:13.928000,916156,9000,2078040,2.09,NQNX,12544
DNN,20250717 09:35:15.749000,918072,7,2078047,2.1,NQNX,12659
DNN,20250717 09:35:16.116000,918388,1319,2079366,2.09,NQNX,12544
DNN,20250717 09:35:16.117000,918389,1,2079367,2.09,NQNX,12640
DNN,20250717 09:35:16.346000,918653,2,2079369,2.1,NQNX,12659
DNN,20250717 09:35:16.346000,918654,2,2079371,2.09,NQNX,12659
DNN,20250717 09:35:16.953000,919313,170,2079711,2.09,NQNX,12544
DNN,20250717 09:35:16.953000,919312,170,2079541,2.1,NQNX,12544
DNN,20250717 09:35:17.517000,919767,1,2079712,2.09,NQNX,12659
DNN,20250717 09:35:17.701000,919947,1000,2080712,2.09,NQNX,12544
DNN,20250717 09:35:17.721000,919975,281,2080993,2.09,NQNX,12544
DNN,20250717 09:35:18.188000,920423,50,2081043,2.09,NQNX,12659
DNN,20250717 09:35:18.254000,920460,1,2081044,2.09,NQNX,12659
DNN,20250717 09:35:18.321000,920521,1227,2082271,2.09,NQNX,12544
DNN,20250717 09:35:18.324000,920523,1,2082272,2.09,NQNX,12659
DNN,20250717 09:35:18.328000,920525,1,2082273,2.09,NQNX,12659
DNN,20250717 09:35:19.494000,921707,165,2082438,2.09,NTRF,12544
DNN,20250717 09:35:19.869000,921921,500,2082938,2.09,NQNX,12544
DNN,20250717 09:35:20.192000,922220,88,2083037,2.09,MIAX,12659
DNN,20250717 09:35:20.192000,922219,11,2082949,2.09,MIAX,12659
DNN,20250717 09:35:20.238000,922285,99,2083136,2.1,NQNX,12659
DNN,20250717 09:35:20.297000,922461,500,2083636,2.1,NQNX,12544
DNN,20250717 09:35:20.519000,922708,5,2083641,2.1,NQNX,12659
DNN,20250717 09:35:20.611000,922773,436,2084077,2.09,NQNX,12544
DNN,20250717 09:35:20.820000,922937,90,2084257,2.09,NQNX,12659
DNN,20250717 09:35:20.820000,922936,90,2084167,2.1,NQNX,12659
DNN,20250717 09:35:21.068000,923169,500,2084757,2.09,NQNX,12544
DNN,20250717 09:35:21.531000,924056,50,2084807,2.09,NQNX,12659
DNN,20250717 09:35:21.679000,924198,500,2085307,2.09,NQNX,12544
DNN,20250717 09:35:22.212000,924824,15,2085322,2.09,NQNX,12659
DNN,20250717 09:35:22.212000,924825,15,2085337,2.09,NQNX,12659
DNN,20250717 09:35:24.827000,927989,99,2085436,2.1,NQNX,12659
DNN,20250717 09:35:24.845000,928005,99,2085535,2.09,BTRF,12659
DNN,20250717 09:35:24.971000,928135,23,2085558,2.09,NQNX,12659
DNN,20250717 09:35:24.975000,928138,1,2085559,2.1,NQNX,12659
DNN,20250717 09:35:25.404000,928725,5,2085564,2.1,NTRF,12659
DNN,20250717 09:35:26.247000,929774,100,2085664,2.09,NQNX,12544
DNN,20250717 09:35:28.834000,932299,5400,2164160,2.1,MEMX,12639
DNN,20250717 09:35:28.834000,932332,15,2195819,2.1,AMEX,12659
DNN,20250717 09:35:28.834000,932331,1000,2195804,2.1,EDGX,12639
DNN,20250717 09:35:28.834000,932330,30,2194804,2.1,AMEX,12659
DNN,20250717 09:35:28.834000,932329,800,2194774,2.1,EDGX,12639
DNN,20250717 09:35:28.834000,932328,100,2193974,2.1,AMEX,12639
DNN,20250717 09:35:28.834000,932333,3600,2199419,2.1,AMEX,12639
DNN,20250717 09:35:28.834000,932292,683,2155622,2.1,MEMX,12639
DNN,20250717 09:35:28.834000,932293,100,2155722,2.1,MEMX,12639
DNN,20250717 09:35:28.834000,932326,31,2193764,2.1,AMEX,12659
DNN,20250717 09:35:28.834000,932294,100,2155822,2.1,MEMX,12639
DNN,20250717 09:35:28.834000,932325,560,2193733,2.1,AMEX,12639
DNN,20250717 09:35:28.834000,932327,110,2193874,2.1,AMEX,12639
DNN,20250717 09:35:28.834000,932334,100,2199519,2.1,AMEX,12639
DNN,20250717 09:35:28.834000,932302,250,2168110,2.1,EDGX,12639
DNN,20250717 09:35:28.834000,932344,100,2215498,2.1,AMEX,12544
DNN,20250717 09:35:28.834000,932343,100,2215398,2.1,AMEX,12544
DNN,20250717 09:35:28.834000,932342,100,2215298,2.1,MIAX,12639
DNN,20250717 09:35:28.834000,932301,200,2167860,2.1,EDGX,12639
DNN,20250717 09:35:28.834000,932341,100,2215198,2.1,AMEX,12544
DNN,20250717 09:35:28.834000,932340,4215,2215098,2.1,MIAX,12639
DNN,20250717 09:35:28.834000,932339,250,2210883,2.1,MIAX,12639
DNN,20250717 09:35:28.834000,932338,14,2210633,2.1,MIAX,12659
DNN,20250717 09:35:28.834000,932337,2000,2210619,2.1,EDGX,12639
DNN,20250717 09:35:28.834000,932336,1800,2208619,2.1,AMEX,12639
DNN,20250717 09:35:28.834000,932335,7300,2206819,2.1,AMEX,12639
