SymbolId,CurrentTime,Index,Bid,BidSize,Ask,AskSize,BidCondition,AskCondition,BidExchange,AskExchange
DNN,20250717 04:00:00.081000,0,2.06,1,2.06,1,REGULAR,REGULAR,PACF,10305
DNN,20250717 04:00:01.282000,0,2.02,10,2.04,48,REGULAR,REGULAR,EDGX,10247
DNN,20250717 04:00:03.950000,0,2.02,10,2.04,49,REGULAR,REGULAR,EDGX,10247
DNN,20250717 04:00:45.694000,0,2.02,1,2.04,48,REGULAR,REGULAR,PACF,10247
DNN,20250717 04:00:45.694000,0,2.02,1,2.04,48,REGULAR,REGULAR,PACF,10247
DNN,20250717 04:02:32.306000,0,2.02,10,2.04,48,REGULAR,REGULAR,EDGX,10247
DNN,20250717 04:03:59.348000,0,2.04,5,2.04,30,REGULAR,REGULAR,MEMX,10247
DNN,20250717 04:03:59.348000,0,2.04,5,2.04,30,REGULAR,REGULAR,MEMX,10247
DNN,20250717 04:03:59.349000,0,2.04,5,2.04,28,REGULAR,REGULAR,MEMX,10247
DNN,20250717 04:03:59.349000,0,2.04,5,2.04,28,REGULAR,REGULAR,MEMX,10247
DNN,20250717 04:03:59.349000,0,2.04,5,2.04,28,REGULAR,REGULAR,MEMX,10247
DNN,20250717 04:03:59.349000,0,2.04,5,2.04,28,REGULAR,REGULAR,MEMX,10247
DNN,20250717 04:03:59.349000,0,2.04,5,2.04,28,REGULAR,REGULAR,MEMX,10247
DNN,20250717 04:05:51.776000,0,2.04,30,2.04,28,REGULAR,REGULAR,NQEX,10247
DNN,20250717 04:06:16.238000,0,2.04,30,2.04,27,REGULAR,REGULAR,NQEX,10247
DNN,20250717 04:07:54.262000,0,2.04,30,2.04,52,REGULAR,REGULAR,NQEX,10247
DNN,20250717 04:07:54.262000,0,2.04,30,2.04,52,REGULAR,REGULAR,NQEX,10247
DNN,20250717 04:10:32.400000,0,2.04,30,2.04,52,REGULAR,REGULAR,NQEX,10247
DNN,20250717 04:12:23.796000,0,2.04,30,2.04,52,REGULAR,REGULAR,NQEX,10247
DNN,20250717 04:15:30.268000,0,2.04,30,2.04,51,REGULAR,REGULAR,NQEX,10247
DNN,20250717 04:19:05.158000,0,2.04,30,2.04,51,REGULAR,REGULAR,NQEX,10247
DNN,20250717 04:19:09.232000,0,2.04,30,2.04,51,REGULAR,REGULAR,NQEX,10247
DNN,20250717 04:19:29.409000,0,2.04,30,2.04,51,REGULAR,REGULAR,NQEX,10247
DNN,20250717 04:21:14.751000,0,2.04,42,2.04,15,REGULAR,REGULAR,NQEX,10247
DNN,20250717 04:21:14.751000,0,2.04,42,2.04,15,REGULAR,REGULAR,NQEX,10247
DNN,20250717 04:21:14.751000,0,2.04,42,2.04,15,REGULAR,REGULAR,NQEX,10247
DNN,20250717 04:21:14.751000,0,2.04,42,2.04,15,REGULAR,REGULAR,NQEX,10247
DNN,20250717 04:21:14.751000,0,2.04,42,2.04,15,REGULAR,REGULAR,NQEX,10247
DNN,20250717 04:21:14.751000,0,2.04,42,2.04,15,REGULAR,REGULAR,NQEX,10247
DNN,20250717 04:21:14.751000,0,2.04,42,2.04,15,REGULAR,REGULAR,NQEX,10247
DNN,20250717 04:21:14.751000,0,2.04,42,2.04,15,REGULAR,REGULAR,NQEX,10247
DNN,20250717 04:21:14.751000,0,2.04,42,2.04,15,REGULAR,REGULAR,NQEX,10247
DNN,20250717 04:21:14.751000,0,2.04,42,2.04,15,REGULAR,REGULAR,NQEX,10247
DNN,20250717 04:21:14.751000,0,2.04,42,2.04,15,REGULAR,REGULAR,NQEX,10247
DNN,20250717 04:21:14.751000,0,2.04,42,2.04,15,REGULAR,REGULAR,NQEX,10247
DNN,20250717 04:21:14.751000,0,2.04,42,2.04,15,REGULAR,REGULAR,NQEX,10247
DNN,20250717 04:21:14.751000,0,2.04,42,2.04,15,REGULAR,REGULAR,NQEX,10247
DNN,20250717 04:21:14.751000,0,2.04,42,2.04,15,REGULAR,REGULAR,NQEX,10247
DNN,20250717 04:21:14.751000,0,2.04,42,2.04,15,REGULAR,REGULAR,NQEX,10247
DNN,20250717 04:21:14.751000,0,2.04,42,2.04,15,REGULAR,REGULAR,NQEX,10247
DNN,20250717 04:21:14.751000,0,2.04,42,2.04,15,REGULAR,REGULAR,NQEX,10247
DNN,20250717 04:21:14.751000,0,2.04,42,2.04,15,REGULAR,REGULAR,NQEX,10247
DNN,20250717 04:21:14.751000,0,2.04,42,2.04,15,REGULAR,REGULAR,NQEX,10247
DNN,20250717 04:21:14.751000,0,2.04,42,2.04,15,REGULAR,REGULAR,NQEX,10247
DNN,20250717 04:21:14.751000,0,2.04,42,2.04,15,REGULAR,REGULAR,NQEX,10247
DNN,20250717 04:21:14.751000,0,2.04,42,2.04,15,REGULAR,REGULAR,NQEX,10247
DNN,20250717 04:21:14.751000,0,2.04,42,2.04,15,REGULAR,REGULAR,NQEX,10247
DNN,20250717 04:21:14.751000,0,2.04,42,2.04,15,REGULAR,REGULAR,NQEX,10247
DNN,20250717 04:21:14.751000,0,2.04,42,2.04,15,REGULAR,REGULAR,NQEX,10247
DNN,20250717 04:21:14.751000,0,2.04,42,2.04,15,REGULAR,REGULAR,NQEX,10247
DNN,20250717 04:21:14.751000,0,2.04,42,2.04,15,REGULAR,REGULAR,NQEX,10247
DNN,20250717 04:21:14.751000,0,2.04,42,2.04,15,REGULAR,REGULAR,NQEX,10247
DNN,20250717 04:21:14.751000,0,2.04,42,2.04,15,REGULAR,REGULAR,NQEX,10247
DNN,20250717 04:21:14.751000,0,2.04,42,2.04,15,REGULAR,REGULAR,NQEX,10247
DNN,20250717 04:21:14.751000,0,2.04,42,2.04,15,REGULAR,REGULAR,NQEX,10247
DNN,20250717 04:21:14.751000,0,2.04,42,2.04,15,REGULAR,REGULAR,NQEX,10247
DNN,20250717 04:21:14.751000,0,2.04,42,2.04,15,REGULAR,REGULAR,NQEX,10247
DNN,20250717 04:21:14.751000,0,2.04,42,2.04,15,REGULAR,REGULAR,NQEX,10247
DNN,20250717 04:21:14.751000,0,2.04,42,2.04,15,REGULAR,REGULAR,NQEX,10247
DNN,20250717 04:21:14.752000,0,2.04,42,2.04,15,REGULAR,REGULAR,NQEX,10247
DNN,20250717 04:21:14.752000,0,2.04,42,2.04,15,REGULAR,REGULAR,NQEX,10247
DNN,20250717 04:21:14.752000,0,2.04,42,2.04,15,REGULAR,REGULAR,NQEX,10247
DNN,20250717 04:21:14.752000,0,2.04,42,2.04,15,REGULAR,REGULAR,NQEX,10247
DNN,20250717 04:21:14.769000,0,2.04,30,2.04,17,REGULAR,REGULAR,NQEX,10247
DNN,20250717 04:21:14.769000,0,2.04,30,2.04,17,REGULAR,REGULAR,NQEX,10247
DNN,20250717 04:21:14.769000,0,2.04,30,2.04,17,REGULAR,REGULAR,NQEX,10247
DNN,20250717 04:22:11.447000,0,2.04,30,2.04,45,REGULAR,REGULAR,NQEX,10241
DNN,20250717 04:25:13.315000,0,2.04,30,2.04,45,REGULAR,REGULAR,NQEX,10241
DNN,20250717 04:25:47.942000,0,2.04,30,2.04,41,REGULAR,REGULAR,NQEX,10241
DNN,20250717 04:26:07.676000,0,2.04,70,2.04,42,REGULAR,REGULAR,NQEX,10241
DNN,20250717 04:27:01.088000,0,2.04,70,2.04,42,REGULAR,REGULAR,NQEX,10241
DNN,20250717 04:29:55.958000,0,2.04,30,2.04,35,REGULAR,REGULAR,NQEX,10247
DNN,20250717 04:30:30.931000,0,2.04,30,2.04,36,REGULAR,REGULAR,NQEX,10247
DNN,20250717 04:34:37.290000,0,2.04,30,2.04,35,REGULAR,REGULAR,NQEX,10247
DNN,20250717 04:38:52.461000,0,2.04,30,2.04,35,REGULAR,REGULAR,NQEX,10247
DNN,20250717 04:38:52.461000,0,2.04,30,2.04,35,REGULAR,REGULAR,NQEX,10247
DNN,20250717 04:40:04.470000,0,2.04,30,2.04,35,REGULAR,REGULAR,NQEX,10247
DNN,20250717 04:40:07.165000,0,2.04,30,2.04,35,REGULAR,REGULAR,NQEX,10247
DNN,20250717 04:44:21.517000,0,2.04,30,2.04,35,REGULAR,REGULAR,NQEX,10247
DNN,20250717 04:46:10.342000,0,2.04,30,2.04,35,REGULAR,REGULAR,NQEX,10247
DNN,20250717 04:46:10.342000,0,2.04,30,2.04,35,REGULAR,REGULAR,NQEX,10247
DNN,20250717 04:46:10.344000,0,2.04,30,2.04,35,REGULAR,REGULAR,NQEX,10247
DNN,20250717 04:54:05.750000,0,2.04,30,2.04,35,REGULAR,REGULAR,NQEX,10247
DNN,20250717 04:54:05.750000,0,2.04,30,2.04,35,REGULAR,REGULAR,NQEX,10247
DNN,20250717 05:01:54.487000,0,2.04,5,2.04,40,REGULAR,REGULAR,MEMX,10247
DNN,20250717 05:01:54.488000,0,2.02,10,2.04,13,REGULAR,REGULAR,EDGX,10305
DNN,20250717 05:01:59.300000,0,2.02,30,2.02,7,REGULAR,REGULAR,EDGX,10305
DNN,20250717 05:02:14.325000,0,2.02,30,2.04,3,REGULAR,REGULAR,NQEX,10305
DNN,20250717 05:05:00.532000,0,2.02,30,2.04,11,REGULAR,REGULAR,NQEX,10247
DNN,20250717 05:10:17.018000,0,2.02,30,2.02,11,REGULAR,REGULAR,NQEX,10247
DNN,20250717 05:22:50.723000,0,2.02,30,2.02,11,REGULAR,REGULAR,NQEX,10247
DNN,20250717 05:23:24.143000,0,2.02,30,2.04,3,REGULAR,REGULAR,EDGX,10305
DNN,20250717 05:30:29.395000,0,2.02,29,2.02,3,REGULAR,REGULAR,BATS,10305
DNN,20250717 05:30:29.395000,0,2.02,29,2.02,3,REGULAR,REGULAR,BATS,10305
DNN,20250717 05:31:07.588000,0,2.02,29,2.02,1,REGULAR,REGULAR,BATS,10247
DNN,20250717 05:35:08.255000,0,2.02,29,2.02,10,REGULAR,REGULAR,BATS,10305
DNN,20250717 05:35:08.255000,0,2.02,29,2.02,10,REGULAR,REGULAR,BATS,10305
DNN,20250717 05:35:08.255000,0,2.02,29,2.02,10,REGULAR,REGULAR,BATS,10305
DNN,20250717 05:35:08.255000,0,2.02,29,2.02,10,REGULAR,REGULAR,BATS,10305
DNN,20250717 05:35:08.269000,0,2.02,29,2.02,7,REGULAR,REGULAR,BATS,10305
DNN,20250717 05:56:01.102000,0,2.02,1,2.04,3,REGULAR,REGULAR,PACF,10305
DNN,20250717 05:57:17.795000,0,2,25,2.02,36,REGULAR,REGULAR,PACF,10247
DNN,20250717 05:57:17.795000,0,2,25,2.02,36,REGULAR,REGULAR,PACF,10247
DNN,20250717 05:57:17.795000,0,2,25,2.02,36,REGULAR,REGULAR,PACF,10247
DNN,20250717 05:57:17.795000,0,2,25,2.02,36,REGULAR,REGULAR,PACF,10247
DNN,20250717 05:57:17.795000,0,2,25,2.02,36,REGULAR,REGULAR,PACF,10247
DNN,20250717 05:57:17.795000,0,2,25,2.02,36,REGULAR,REGULAR,PACF,10247
DNN,20250717 05:57:17.795000,0,2,25,2.02,36,REGULAR,REGULAR,PACF,10247
DNN,20250717 05:57:17.795000,0,2,25,2.02,36,REGULAR,REGULAR,PACF,10247
DNN,20250717 05:57:17.795000,0,2,25,2.02,36,REGULAR,REGULAR,PACF,10247
DNN,20250717 05:57:17.795000,0,2,25,2.02,36,REGULAR,REGULAR,PACF,10247
DNN,20250717 05:57:20.020000,0,1.97,100,2,20,REGULAR,REGULAR,PACF,10247
DNN,20250717 05:57:20.020000,0,1.97,100,2,20,REGULAR,REGULAR,PACF,10247
DNN,20250717 05:57:20.020000,0,1.97,100,2,20,REGULAR,REGULAR,PACF,10247
DNN,20250717 05:57:20.020000,0,1.97,100,2,20,REGULAR,REGULAR,PACF,10247
DNN,20250717 05:57:20.020000,0,1.97,100,2,20,REGULAR,REGULAR,PACF,10247
DNN,20250717 05:57:20.020000,0,1.97,100,2,20,REGULAR,REGULAR,PACF,10247
DNN,20250717 05:57:20.020000,0,1.97,100,2,20,REGULAR,REGULAR,PACF,10247
DNN,20250717 05:57:20.020000,0,1.97,100,2,20,REGULAR,REGULAR,PACF,10247
DNN,20250717 05:57:20.020000,0,1.97,100,2,20,REGULAR,REGULAR,PACF,10247
DNN,20250717 05:57:20.020000,0,1.97,100,2,20,REGULAR,REGULAR,PACF,10247
DNN,20250717 05:57:20.021000,0,1.98,30,2,45,REGULAR,REGULAR,NQEX,10247
DNN,20250717 05:58:47.709000,0,1.99,1,2,30,REGULAR,REGULAR,PACF,10241
DNN,20250717 05:58:47.709000,0,1.99,1,2,30,REGULAR,REGULAR,PACF,10241
DNN,20250717 06:02:53.746000,0,1.99,3,2,30,REGULAR,REGULAR,EDGX,10241
DNN,20250717 06:08:11.202000,0,1.99,3,2,30,REGULAR,REGULAR,EDGX,10241
DNN,20250717 06:33:21.889000,0,1.99,1,2,30,REGULAR,REGULAR,PACF,10241
DNN,20250717 06:34:52.174000,0,1.99,1,2,30,REGULAR,REGULAR,PACF,10241
DNN,20250717 06:35:29.588000,0,1.99,1,2,30,REGULAR,REGULAR,PACF,10241
DNN,20250717 06:38:12.119000,0,1.99,3,2,29,REGULAR,REGULAR,NQEX,10300
DNN,20250717 06:42:11.760000,0,1.98,35,2,29,REGULAR,REGULAR,PACF,10300
DNN,20250717 06:43:59.663000,0,1.98,35,2,29,REGULAR,REGULAR,PACF,10300
DNN,20250717 06:44:38.767000,0,1.99,48,2,29,REGULAR,REGULAR,PACF,10300
DNN,20250717 06:44:38.767000,0,1.99,48,2,29,REGULAR,REGULAR,PACF,10300
DNN,20250717 06:44:38.767000,0,1.99,48,2,29,REGULAR,REGULAR,PACF,10300
DNN,20250717 06:45:35.790000,0,2,16,2.02,75,REGULAR,REGULAR,EDGX,10247
DNN,20250717 06:45:35.790000,0,2,16,2.02,75,REGULAR,REGULAR,EDGX,10247
DNN,20250717 06:45:35.790000,0,2,16,2.02,75,REGULAR,REGULAR,EDGX,10247
DNN,20250717 06:45:35.790000,0,2,16,2.02,75,REGULAR,REGULAR,EDGX,10247
DNN,20250717 06:45:38.674000,0,2,16,2.02,75,REGULAR,REGULAR,PACF,10247
DNN,20250717 06:45:38.676000,0,2,1,2.02,74,REGULAR,REGULAR,PACF,10247
DNN,20250717 06:47:42.336000,0,2,14,2,1,REGULAR,REGULAR,PACF,10247
DNN,20250717 06:48:28.834000,0,2,14,2.02,74,REGULAR,REGULAR,PACF,10247
DNN,20250717 06:49:50.650000,0,1.99,25,2,12,REGULAR,REGULAR,PACF,10247
DNN,20250717 06:49:50.650000,0,1.99,25,2,12,REGULAR,REGULAR,PACF,10247
DNN,20250717 06:49:50.655000,0,1.99,25,2,11,REGULAR,REGULAR,PACF,10305
DNN,20250717 06:51:42.572000,0,2,1,2.02,73,REGULAR,REGULAR,PACF,10247
DNN,20250717 06:57:30.183000,0,1.99,25,2.02,73,REGULAR,REGULAR,PACF,10247
DNN,20250717 06:57:30.183000,0,1.99,25,2.02,73,REGULAR,REGULAR,PACF,10247
DNN,20250717 07:00:00.069000,0,1.99,25,2.02,73,REGULAR,REGULAR,PACF,10247
DNN,20250717 07:00:00.072000,0,2,10,2.02,50,REGULAR,REGULAR,EDGX,10247
DNN,20250717 07:03:39.464000,0,2,9,2.02,50,REGULAR,REGULAR,EDGX,10247
DNN,20250717 07:03:57.677000,0,2,12,2.02,50,REGULAR,REGULAR,PACF,10247
DNN,20250717 07:03:57.678000,0,2,12,2.02,28,REGULAR,REGULAR,PACF,10247
DNN,20250717 07:03:57.678000,0,2,12,2.02,28,REGULAR,REGULAR,PACF,10247
DNN,20250717 07:05:05.031000,0,2,5,2.02,8,REGULAR,REGULAR,PACF,10247
DNN,20250717 07:05:15.406000,0,2,5,2.02,5,REGULAR,REGULAR,PACF,10247
DNN,20250717 07:18:06.456000,0,2,35,2.02,9,REGULAR,REGULAR,MEMX,10305
DNN,20250717 07:20:13.579000,0,2,35,2.02,5,REGULAR,REGULAR,MEMX,10247
DNN,20250717 07:21:02.945000,0,2,35,2.02,5,REGULAR,REGULAR,MEMX,10247
DNN,20250717 07:21:50.273000,0,2.02,1,2.02,4,REGULAR,REGULAR,NQEX,10247
DNN,20250717 07:21:50.273000,0,2.02,1,2.02,4,REGULAR,REGULAR,NQEX,10247
DNN,20250717 07:21:50.273000,0,2.02,1,2.02,4,REGULAR,REGULAR,NQEX,10247
DNN,20250717 07:21:50.274000,0,2,35,2.02,4,REGULAR,REGULAR,MEMX,10247
DNN,20250717 07:21:50.278000,0,2,35,2.02,57,REGULAR,REGULAR,MEMX,10247
DNN,20250717 07:21:52.548000,0,2,35,2.02,51,REGULAR,REGULAR,MEMX,10247
DNN,20250717 07:24:27.579000,0,2,35,2.02,75,REGULAR,REGULAR,MEMX,10247
DNN,20250717 07:24:27.579000,0,2,35,2.02,75,REGULAR,REGULAR,MEMX,10247
DNN,20250717 07:24:59.375000,0,2,35,2.02,50,REGULAR,REGULAR,MEMX,10247
DNN,20250717 07:25:15.533000,0,2,35,2.02,42,REGULAR,REGULAR,MEMX,10247
DNN,20250717 07:27:12.865000,0,2,35,2.02,42,REGULAR,REGULAR,MEMX,10247
DNN,20250717 07:30:17.316000,0,2,35,2.02,36,REGULAR,REGULAR,MEMX,10247
DNN,20250717 07:30:17.316000,0,2,35,2.02,36,REGULAR,REGULAR,MEMX,10247
DNN,20250717 07:31:26.084000,0,2,35,2.02,36,REGULAR,REGULAR,MEMX,10247
DNN,20250717 07:33:06.369000,0,2,35,2.02,19,REGULAR,REGULAR,MEMX,10247
DNN,20250717 07:33:06.369000,0,2,35,2.02,19,REGULAR,REGULAR,MEMX,10247
DNN,20250717 07:33:06.369000,0,2,35,2.02,19,REGULAR,REGULAR,MEMX,10247
DNN,20250717 07:33:39.595000,0,2,36,2.02,35,REGULAR,REGULAR,PACF,10247
DNN,20250717 07:33:39.595000,0,2,36,2.02,35,REGULAR,REGULAR,PACF,10247
DNN,20250717 07:33:39.595000,0,2,36,2.02,35,REGULAR,REGULAR,PACF,10247
DNN,20250717 07:33:39.595000,0,2,36,2.02,35,REGULAR,REGULAR,PACF,10247
DNN,20250717 07:33:39.596000,0,2,43,2.02,50,REGULAR,REGULAR,PACF,10247
DNN,20250717 07:33:39.596000,0,2,43,2.02,50,REGULAR,REGULAR,PACF,10247
DNN,20250717 07:33:39.596000,0,2,43,2.02,50,REGULAR,REGULAR,PACF,10247
DNN,20250717 07:33:39.596000,0,2,43,2.02,50,REGULAR,REGULAR,PACF,10247
DNN,20250717 07:33:39.604000,0,2,36,2.02,57,REGULAR,REGULAR,PACF,10247
DNN,20250717 07:33:39.604000,0,2,36,2.02,57,REGULAR,REGULAR,PACF,10247
DNN,20250717 07:33:39.604000,0,2,36,2.02,57,REGULAR,REGULAR,PACF,10247
DNN,20250717 07:35:18.904000,0,2,17,2.02,82,REGULAR,REGULAR,NYSE,10247
DNN,20250717 07:36:20.366000,0,2,18,2.02,52,REGULAR,REGULAR,NYSE,10247
DNN,20250717 07:41:58.444000,0,2,18,2.02,48,REGULAR,REGULAR,NYSE,10247
DNN,20250717 07:42:54.415000,0,2,30,2.02,43,REGULAR,REGULAR,NQEX,10247
DNN,20250717 07:50:48.635000,0,2,35,2.02,42,REGULAR,REGULAR,MEMX,10247
DNN,20250717 07:54:21.496000,0,2,35,2.02,41,REGULAR,REGULAR,MEMX,10247
DNN,20250717 08:00:00.076000,0,2,35,2.02,66,REGULAR,REGULAR,MEMX,10247
DNN,20250717 08:00:00.164000,0,2,35,2.02,66,REGULAR,REGULAR,MEMX,10247
DNN,20250717 08:00:00.207000,0,2,35,2.02,66,REGULAR,REGULAR,MEMX,10247
DNN,20250717 08:00:00.256000,0,2,35,2.02,66,REGULAR,REGULAR,MEMX,10247
DNN,20250717 08:00:00.261000,0,2,35,2.02,66,REGULAR,REGULAR,MEMX,10247
DNN,20250717 08:00:00.264000,0,2,35,2.02,66,REGULAR,REGULAR,MEMX,10247
DNN,20250717 08:00:00.285000,0,2,35,2.02,66,REGULAR,REGULAR,MEMX,10247
DNN,20250717 08:00:00.324000,0,2,35,2.02,66,REGULAR,REGULAR,MEMX,10247
DNN,20250717 08:00:00.539000,0,2,35,2.02,66,REGULAR,REGULAR,MEMX,10247
DNN,20250717 08:00:00.698000,0,2,35,2.02,66,REGULAR,REGULAR,MEMX,10247
DNN,20250717 08:00:00.712000,0,2,35,2.02,66,REGULAR,REGULAR,MEMX,10247
DNN,20250717 08:00:00.739000,0,2,35,2.02,66,REGULAR,REGULAR,MEMX,10247
DNN,20250717 08:00:00.823000,0,2,35,2.02,66,REGULAR,REGULAR,MEMX,10247
DNN,20250717 08:00:00.868000,0,2,35,2.02,66,REGULAR,REGULAR,MEMX,10247
DNN,20250717 08:00:00.962000,0,2,35,2.02,66,REGULAR,REGULAR,MEMX,10247
DNN,20250717 08:00:00.996000,0,2,35,2.02,66,REGULAR,REGULAR,MEMX,10247
DNN,20250717 08:00:01.027000,0,2,35,2.02,66,REGULAR,REGULAR,MEMX,10247
DNN,20250717 08:00:01.027000,0,2,35,2.02,66,REGULAR,REGULAR,MEMX,10247
DNN,20250717 08:00:01.088000,0,2,35,2.02,66,REGULAR,REGULAR,MEMX,10247
DNN,20250717 08:00:01.122000,0,2,35,2.02,66,REGULAR,REGULAR,MEMX,10247
DNN,20250717 08:00:01.178000,0,2,35,2.02,66,REGULAR,REGULAR,MEMX,10247
DNN,20250717 08:00:01.191000,0,2,35,2.02,66,REGULAR,REGULAR,MEMX,10247
DNN,20250717 08:00:01.303000,0,2,35,2.02,66,REGULAR,REGULAR,MEMX,10247
DNN,20250717 08:00:01.348000,0,2,35,2.02,66,REGULAR,REGULAR,MEMX,10247
DNN,20250717 08:00:01.399000,0,2,35,2.02,66,REGULAR,REGULAR,MEMX,10247
DNN,20250717 08:00:01.425000,0,2,35,2.02,66,REGULAR,REGULAR,MEMX,10247
DNN,20250717 08:00:01.441000,0,2,35,2.02,66,REGULAR,REGULAR,MEMX,10247
DNN,20250717 08:00:01.582000,0,2,35,2.02,66,REGULAR,REGULAR,MEMX,10247
DNN,20250717 08:00:01.590000,0,2,35,2.02,66,REGULAR,REGULAR,MEMX,10247
DNN,20250717 08:00:01.631000,0,2,35,2.02,66,REGULAR,REGULAR,MEMX,10247
DNN,20250717 08:00:01.708000,0,2,35,2.02,66,REGULAR,REGULAR,MEMX,10247
DNN,20250717 08:00:01.741000,0,2,35,2.02,66,REGULAR,REGULAR,MEMX,10247
DNN,20250717 08:00:01.866000,0,2,35,2.02,66,REGULAR,REGULAR,MEMX,10247
DNN,20250717 08:00:01.918000,0,2,35,2.02,66,REGULAR,REGULAR,MEMX,10247
DNN,20250717 08:00:01.959000,0,2,35,2.02,66,REGULAR,REGULAR,MEMX,10247
DNN,20250717 08:00:02.120000,0,2,35,2.02,66,REGULAR,REGULAR,MEMX,10247
DNN,20250717 08:00:02.121000,0,2,35,2.02,66,REGULAR,REGULAR,MEMX,10247
DNN,20250717 08:00:02.131000,0,2,35,2.02,66,REGULAR,REGULAR,MEMX,10247
DNN,20250717 08:00:02.150000,0,2,35,2.02,66,REGULAR,REGULAR,MEMX,10247
DNN,20250717 08:00:02.311000,0,2,35,2.02,66,REGULAR,REGULAR,MEMX,10247
DNN,20250717 08:00:02.320000,0,2,35,2.02,66,REGULAR,REGULAR,MEMX,10247
DNN,20250717 08:00:02.571000,0,2,35,2.02,66,REGULAR,REGULAR,MEMX,10247
DNN,20250717 08:00:02.581000,0,2,35,2.02,66,REGULAR,REGULAR,MEMX,10247
DNN,20250717 08:00:02.677000,0,2,35,2.02,66,REGULAR,REGULAR,MEMX,10247
DNN,20250717 08:00:02.716000,0,2,35,2.02,66,REGULAR,REGULAR,MEMX,10247
DNN,20250717 08:00:02.728000,0,2,35,2.02,66,REGULAR,REGULAR,MEMX,10247
DNN,20250717 08:00:02.731000,0,2,35,2.02,66,REGULAR,REGULAR,MEMX,10247
DNN,20250717 08:00:02.791000,0,2,35,2.02,66,REGULAR,REGULAR,MEMX,10247
DNN,20250717 08:00:02.855000,0,2,35,2.02,66,REGULAR,REGULAR,MEMX,10247
DNN,20250717 08:00:02.970000,0,2,35,2.02,66,REGULAR,REGULAR,MEMX,10247
DNN,20250717 08:00:03.480000,0,2,35,2.02,66,REGULAR,REGULAR,MEMX,10247
DNN,20250717 08:00:03.839000,0,2,35,2.02,66,REGULAR,REGULAR,MEMX,10247
DNN,20250717 08:00:03.858000,0,2,35,2.02,66,REGULAR,REGULAR,MEMX,10247
DNN,20250717 08:00:03.961000,0,2,35,2.02,66,REGULAR,REGULAR,MEMX,10247
DNN,20250717 08:00:06.042000,0,2,35,2.02,66,REGULAR,REGULAR,MEMX,10247
DNN,20250717 08:00:06.581000,0,2,35,2.02,66,REGULAR,REGULAR,MEMX,10247
DNN,20250717 08:00:07.696000,0,2,35,2.02,66,REGULAR,REGULAR,MEMX,10247
DNN,20250717 08:00:07.697000,0,2,35,2.02,66,REGULAR,REGULAR,MEMX,10247
DNN,20250717 08:00:07.706000,0,2,35,2.02,66,REGULAR,REGULAR,MEMX,10247
DNN,20250717 08:00:07.711000,0,2,35,2.02,66,REGULAR,REGULAR,MEMX,10247
DNN,20250717 08:00:07.711000,0,2,35,2.02,66,REGULAR,REGULAR,MEMX,10247
DNN,20250717 08:00:07.714000,0,2,35,2.02,66,REGULAR,REGULAR,MEMX,10247
DNN,20250717 08:00:07.808000,0,2,35,2.02,66,REGULAR,REGULAR,MEMX,10247
DNN,20250717 08:00:08.330000,0,2,35,2.02,66,REGULAR,REGULAR,MEMX,10247
DNN,20250717 08:00:08.330000,0,2,35,2.02,66,REGULAR,REGULAR,MEMX,10247
DNN,20250717 08:00:08.341000,0,2,35,2.02,66,REGULAR,REGULAR,MEMX,10247
DNN,20250717 08:00:08.551000,0,2,35,2.02,66,REGULAR,REGULAR,MEMX,10247
DNN,20250717 08:00:08.563000,0,2,35,2.02,66,REGULAR,REGULAR,MEMX,10247
DNN,20250717 08:00:08.566000,0,2,35,2.02,66,REGULAR,REGULAR,MEMX,10247
DNN,20250717 08:00:08.624000,0,2,35,2.02,66,REGULAR,REGULAR,MEMX,10247
DNN,20250717 08:00:08.884000,0,2,35,2.02,66,REGULAR,REGULAR,MEMX,10247
DNN,20250717 08:00:08.890000,0,2,35,2.02,66,REGULAR,REGULAR,MEMX,10247
DNN,20250717 08:00:08.911000,0,2,35,2.02,66,REGULAR,REGULAR,MEMX,10247
DNN,20250717 08:00:09.058000,0,2,35,2.02,66,REGULAR,REGULAR,MEMX,10247
DNN,20250717 08:00:09.062000,0,2,35,2.02,66,REGULAR,REGULAR,MEMX,10247
DNN,20250717 08:00:09.166000,0,2,35,2.02,66,REGULAR,REGULAR,MEMX,10247
DNN,20250717 08:00:09.299000,0,2,35,2.02,66,REGULAR,REGULAR,MEMX,10247
DNN,20250717 08:00:09.348000,0,2,35,2.02,66,REGULAR,REGULAR,MEMX,10247
DNN,20250717 08:00:09.348000,0,2,35,2.02,66,REGULAR,REGULAR,MEMX,10247
DNN,20250717 08:00:09.349000,0,2,35,2.02,66,REGULAR,REGULAR,MEMX,10247
DNN,20250717 08:00:09.396000,0,2,35,2.02,66,REGULAR,REGULAR,MEMX,10247
DNN,20250717 08:00:09.397000,0,2,35,2.02,66,REGULAR,REGULAR,MEMX,10247
DNN,20250717 08:00:09.397000,0,2,35,2.02,66,REGULAR,REGULAR,MEMX,10247
DNN,20250717 08:00:09.605000,0,2,35,2.02,66,REGULAR,REGULAR,MEMX,10247
DNN,20250717 08:00:09.677000,0,2,35,2.02,66,REGULAR,REGULAR,MEMX,10247
DNN,20250717 08:00:09.680000,0,2,35,2.02,66,REGULAR,REGULAR,MEMX,10247
DNN,20250717 08:00:09.745000,0,2,35,2.02,66,REGULAR,REGULAR,MEMX,10247
DNN,20250717 08:00:09.813000,0,2,35,2.02,66,REGULAR,REGULAR,MEMX,10247
DNN,20250717 08:00:09.817000,0,2,35,2.02,66,REGULAR,REGULAR,MEMX,10247
DNN,20250717 08:00:09.823000,0,2,35,2.02,66,REGULAR,REGULAR,MEMX,10247
DNN,20250717 08:00:09.893000,0,2,35,2.02,66,REGULAR,REGULAR,MEMX,10247
DNN,20250717 08:00:09.936000,0,2,35,2.02,66,REGULAR,REGULAR,MEMX,10247
DNN,20250717 08:00:10.036000,0,2,35,2.02,66,REGULAR,REGULAR,MEMX,10247
DNN,20250717 08:00:10.085000,0,2,35,2.02,66,REGULAR,REGULAR,MEMX,10247
DNN,20250717 08:00:10.100000,0,2,35,2.02,66,REGULAR,REGULAR,MEMX,10247
DNN,20250717 08:00:10.109000,0,2,35,2.02,66,REGULAR,REGULAR,MEMX,10247
DNN,20250717 08:00:10.129000,0,2,35,2.02,66,REGULAR,REGULAR,MEMX,10247
DNN,20250717 08:00:10.161000,0,2,35,2.02,66,REGULAR,REGULAR,MEMX,10247
DNN,20250717 08:00:10.196000,0,2,35,2.02,66,REGULAR,REGULAR,MEMX,10247
DNN,20250717 08:00:10.198000,0,2,35,2.02,66,REGULAR,REGULAR,MEMX,10247
DNN,20250717 08:00:10.375000,0,2,35,2.02,66,REGULAR,REGULAR,MEMX,10247
DNN,20250717 08:00:10.930000,0,2,35,2.02,66,REGULAR,REGULAR,MEMX,10247
DNN,20250717 08:00:11.540000,0,2,35,2.02,66,REGULAR,REGULAR,MEMX,10247
DNN,20250717 08:00:11.571000,0,2,35,2.02,66,REGULAR,REGULAR,MEMX,10247
DNN,20250717 08:00:11.891000,0,2,35,2.02,66,REGULAR,REGULAR,MEMX,10247
DNN,20250717 08:00:14.633000,0,2,35,2.02,66,REGULAR,REGULAR,MEMX,10247
DNN,20250717 08:00:14.990000,0,2,35,2.02,66,REGULAR,REGULAR,MEMX,10247
DNN,20250717 08:00:21.291000,0,2,35,2.02,66,REGULAR,REGULAR,MEMX,10247
DNN,20250717 08:00:47.644000,0,2,35,2.02,61,REGULAR,REGULAR,MEMX,10247
DNN,20250717 08:00:47.876000,0,2,35,2.02,61,REGULAR,REGULAR,MEMX,10247
DNN,20250717 08:00:56.438000,0,2,35,2.02,61,REGULAR,REGULAR,MEMX,10247
DNN,20250717 08:01:25.955000,0,2,35,2.02,61,REGULAR,REGULAR,MEMX,10247
DNN,20250717 08:01:31.635000,0,2,35,2.02,61,REGULAR,REGULAR,MEMX,10247
DNN,20250717 08:02:09.632000,0,2,35,2.02,61,REGULAR,REGULAR,MEMX,10247
DNN,20250717 08:02:09.648000,0,2,35,2.02,61,REGULAR,REGULAR,MEMX,10247
DNN,20250717 08:03:43.600000,0,2,35,2.02,61,REGULAR,REGULAR,MEMX,10247
DNN,20250717 08:04:11.765000,0,2,35,2.02,61,REGULAR,REGULAR,MEMX,10247
DNN,20250717 08:04:17.080000,0,2,35,2.02,61,REGULAR,REGULAR,MEMX,10247
DNN,20250717 08:06:23.142000,0,2,35,2.02,61,REGULAR,REGULAR,MEMX,10247
DNN,20250717 08:06:23.986000,0,2,35,2.02,61,REGULAR,REGULAR,MEMX,10247
DNN,20250717 08:06:47.101000,0,2,35,2.02,34,REGULAR,REGULAR,MEMX,10241
DNN,20250717 08:06:59.703000,0,2,35,2.02,28,REGULAR,REGULAR,MEMX,10247
DNN,20250717 08:06:59.703000,0,2,35,2.02,28,REGULAR,REGULAR,MEMX,10247
DNN,20250717 08:07:46.116000,0,2,35,2.02,28,REGULAR,REGULAR,MEMX,10247
DNN,20250717 08:09:14.563000,0,2,35,2.02,53,REGULAR,REGULAR,MEMX,10247
DNN,20250717 08:10:01.156000,0,2,35,2.02,53,REGULAR,REGULAR,MEMX,10247
DNN,20250717 08:10:20.117000,0,2,35,2.02,53,REGULAR,REGULAR,MEMX,10247
DNN,20250717 08:13:52.735000,0,2,35,2.02,53,REGULAR,REGULAR,MEMX,10247
DNN,20250717 08:13:57.046000,0,2,35,2.02,53,REGULAR,REGULAR,MEMX,10247
DNN,20250717 08:14:58.601000,0,2,38,2.02,53,REGULAR,REGULAR,MEMX,10247
DNN,20250717 08:15:29.428000,0,2,38,2.02,53,REGULAR,REGULAR,MEMX,10247
DNN,20250717 08:15:56.978000,0,2,38,2.02,53,REGULAR,REGULAR,MEMX,10247
DNN,20250717 08:16:11.724000,0,2,38,2.02,53,REGULAR,REGULAR,MEMX,10247
DNN,20250717 08:17:14.756000,0,2,38,2.02,55,REGULAR,REGULAR,MEMX,10247
DNN,20250717 08:17:14.756000,0,2,38,2.02,55,REGULAR,REGULAR,MEMX,10247
DNN,20250717 08:17:14.756000,0,2,38,2.02,55,REGULAR,REGULAR,MEMX,10247
DNN,20250717 08:17:28.980000,0,2,38,2.02,53,REGULAR,REGULAR,MEMX,10247
DNN,20250717 08:18:10.475000,0,2,38,2.02,53,REGULAR,REGULAR,MEMX,10247
DNN,20250717 08:18:12.760000,0,2,38,2.02,50,REGULAR,REGULAR,MEMX,10247
DNN,20250717 08:18:12.760000,0,2,38,2.02,50,REGULAR,REGULAR,MEMX,10247
DNN,20250717 08:18:12.760000,0,2,38,2.02,50,REGULAR,REGULAR,MEMX,10247
DNN,20250717 08:18:12.760000,0,2,38,2.02,50,REGULAR,REGULAR,MEMX,10247
DNN,20250717 08:21:57.173000,0,2,38,2.02,75,REGULAR,REGULAR,MEMX,10247
DNN,20250717 08:22:06.674000,0,2,38,2.02,75,REGULAR,REGULAR,MEMX,10247
DNN,20250717 08:23:08.234000,0,2,38,2.02,75,REGULAR,REGULAR,MEMX,10247
DNN,20250717 08:23:11.594000,0,2,38,2.02,50,REGULAR,REGULAR,MEMX,10247
DNN,20250717 08:23:11.594000,0,2,38,2.02,50,REGULAR,REGULAR,MEMX,10247
DNN,20250717 08:23:11.594000,0,2,38,2.02,50,REGULAR,REGULAR,MEMX,10247
DNN,20250717 08:23:53.350000,0,2,38,2.02,50,REGULAR,REGULAR,MEMX,10247
DNN,20250717 08:24:42.397000,0,2,38,2.02,35,REGULAR,REGULAR,MEMX,10247
DNN,20250717 08:24:42.397000,0,2,38,2.02,35,REGULAR,REGULAR,MEMX,10247
DNN,20250717 08:24:46.366000,0,2,38,2.02,34,REGULAR,REGULAR,MEMX,10247
DNN,20250717 08:25:06.200000,0,2,38,2.02,34,REGULAR,REGULAR,MEMX,10247
DNN,20250717 08:27:09.108000,0,2,38,2.02,4,REGULAR,REGULAR,MEMX,10247
DNN,20250717 08:27:42.630000,0,2,38,2.02,4,REGULAR,REGULAR,MEMX,10247
DNN,20250717 08:29:14.983000,0,2,15,2.02,4,REGULAR,REGULAR,CHIC,10247
DNN,20250717 08:29:31.730000,0,2,15,2.02,4,REGULAR,REGULAR,CHIC,10247
DNN,20250717 08:29:56.970000,0,2,15,2.02,4,REGULAR,REGULAR,CHIC,10247
DNN,20250717 08:30:02.436000,0,2,15,2.02,36,REGULAR,REGULAR,CHIC,10247
DNN,20250717 08:30:02.436000,0,2,15,2.02,36,REGULAR,REGULAR,CHIC,10247
DNN,20250717 08:30:02.436000,0,2,15,2.02,36,REGULAR,REGULAR,CHIC,10247
DNN,20250717 08:30:02.436000,0,2,15,2.02,36,REGULAR,REGULAR,CHIC,10247
DNN,20250717 08:30:02.436000,0,2,15,2.02,36,REGULAR,REGULAR,CHIC,10247
DNN,20250717 08:30:02.436000,0,2,15,2.02,36,REGULAR,REGULAR,CHIC,10247
DNN,20250717 08:30:02.438000,0,2,15,2.02,36,REGULAR,REGULAR,CHIC,10247
DNN,20250717 08:30:02.438000,0,2,15,2.02,36,REGULAR,REGULAR,CHIC,10247
DNN,20250717 08:30:02.438000,0,2,15,2.02,36,REGULAR,REGULAR,CHIC,10247
DNN,20250717 08:30:02.439000,0,2,15,2.02,36,REGULAR,REGULAR,CHIC,10247
DNN,20250717 08:30:02.439000,0,2,15,2.02,36,REGULAR,REGULAR,CHIC,10247
DNN,20250717 08:30:02.439000,0,2,15,2.02,36,REGULAR,REGULAR,CHIC,10247
DNN,20250717 08:31:21.269000,0,2,15,2.02,36,REGULAR,REGULAR,CHIC,10247
DNN,20250717 08:31:42.220000,0,2,15,2.02,11,REGULAR,REGULAR,CHIC,10247
DNN,20250717 08:31:42.222000,0,2,15,2.02,11,REGULAR,REGULAR,CHIC,10247
DNN,20250717 08:31:53.474000,0,2,15,2.02,11,REGULAR,REGULAR,CHIC,10247
DNN,20250717 08:33:58.814000,0,2,38,2.02,24,REGULAR,REGULAR,MEMX,10304
DNN,20250717 08:34:01.314000,0,2,38,2.02,24,REGULAR,REGULAR,MEMX,10304
DNN,20250717 08:34:42.170000,0,2,38,2.02,24,REGULAR,REGULAR,MEMX,10304
DNN,20250717 08:36:39.495000,0,2,38,2.02,1,REGULAR,REGULAR,MEMX,10313
DNN,20250717 08:36:42.207000,0,2.02,8,2.02,1,REGULAR,REGULAR,PHIL,10247
DNN,20250717 08:36:42.210000,0,2,38,2.02,46,REGULAR,REGULAR,MEMX,10304
DNN,20250717 08:36:42.212000,0,2,38,2.02,50,REGULAR,REGULAR,MEMX,10247
DNN,20250717 08:37:27.625000,0,2,38,2.02,49,REGULAR,REGULAR,MEMX,10247
DNN,20250717 08:37:27.625000,0,2,38,2.02,49,REGULAR,REGULAR,MEMX,10247
DNN,20250717 08:37:36.305000,0,2,38,2.02,49,REGULAR,REGULAR,MEMX,10247
DNN,20250717 08:37:55.598000,0,2,38,2.02,20,REGULAR,REGULAR,MEMX,10247
DNN,20250717 08:37:55.598000,0,2,38,2.02,20,REGULAR,REGULAR,MEMX,10247
DNN,20250717 08:37:55.599000,0,2,38,2.02,20,REGULAR,REGULAR,MEMX,10247
DNN,20250717 08:37:55.599000,0,2,38,2.02,20,REGULAR,REGULAR,MEMX,10247
DNN,20250717 08:37:59.323000,0,2,38,2.02,19,REGULAR,REGULAR,MEMX,10247
DNN,20250717 08:38:13.572000,0,2,38,2.02,19,REGULAR,REGULAR,MEMX,10247
DNN,20250717 08:40:26.598000,0,2,38,2.02,19,REGULAR,REGULAR,MEMX,10247
DNN,20250717 08:41:03.341000,0,2,38,2.02,19,REGULAR,REGULAR,MEMX,10247
DNN,20250717 08:41:46.918000,0,2.02,20,2.02,35,REGULAR,REGULAR,PHIL,10313
DNN,20250717 08:41:46.918000,0,2.02,20,2.02,35,REGULAR,REGULAR,PHIL,10313
DNN,20250717 08:41:46.920000,0,2,38,2.02,35,REGULAR,REGULAR,MEMX,10313
DNN,20250717 08:41:55.186000,0,2,38,2.02,66,REGULAR,REGULAR,MEMX,10247
DNN,20250717 08:42:15.278000,0,2,38,2.02,66,REGULAR,REGULAR,MEMX,10247
DNN,20250717 08:42:25.059000,0,2,38,2.02,66,REGULAR,REGULAR,MEMX,10247
DNN,20250717 08:42:33.155000,0,2,38,2.02,66,REGULAR,REGULAR,MEMX,10247
DNN,20250717 08:43:12.451000,0,2,38,2.02,41,REGULAR,REGULAR,MEMX,10247
DNN,20250717 08:43:52.949000,0,2,38,2.02,40,REGULAR,REGULAR,MEMX,10247
DNN,20250717 08:44:42.608000,0,2,38,2.02,4,REGULAR,REGULAR,MEMX,10241
DNN,20250717 08:45:40.708000,0,2,38,2.02,31,REGULAR,REGULAR,MEMX,10247
DNN,20250717 08:46:39.868000,0,2,38,2.02,31,REGULAR,REGULAR,MEMX,10247
DNN,20250717 08:46:58.067000,0,2,38,2.02,31,REGULAR,REGULAR,MEMX,10247
DNN,20250717 08:48:35.513000,0,2,38,2.02,30,REGULAR,REGULAR,MEMX,10247
DNN,20250717 08:48:48.917000,0,2,38,2.02,30,REGULAR,REGULAR,MEMX,10247
DNN,20250717 08:49:25.532000,0,2,38,2.02,30,REGULAR,REGULAR,MEMX,10247
DNN,20250717 08:51:00.705000,0,2,38,2.02,29,REGULAR,REGULAR,MEMX,10247
DNN,20250717 08:51:00.707000,0,2,38,2.02,29,REGULAR,REGULAR,MEMX,10247
DNN,20250717 08:51:38.480000,0,2,38,2.02,29,REGULAR,REGULAR,MEMX,10247
DNN,20250717 08:52:23.889000,0,2,38,2.02,29,REGULAR,REGULAR,MEMX,10247
DNN,20250717 08:52:59.878000,0,2,38,2.02,29,REGULAR,REGULAR,MEMX,10247
DNN,20250717 08:53:30.579000,0,2,38,2.02,9,REGULAR,REGULAR,MEMX,10247
DNN,20250717 08:53:40.058000,0,2,38,2.02,35,REGULAR,REGULAR,MEMX,10313
DNN,20250717 08:53:46.406000,0,2,38,2.02,35,REGULAR,REGULAR,MEMX,10313
DNN,20250717 08:53:46.406000,0,2,38,2.02,35,REGULAR,REGULAR,MEMX,10313
DNN,20250717 08:54:26.711000,0,2,38,2.02,35,REGULAR,REGULAR,MEMX,10313
DNN,20250717 08:54:55.628000,0,2,38,2.02,35,REGULAR,REGULAR,MEMX,10313
DNN,20250717 08:55:56.132000,0,2.02,7,2.02,35,REGULAR,REGULAR,NQEX,10313
DNN,20250717 08:55:56.132000,0,2.02,7,2.02,35,REGULAR,REGULAR,NQEX,10313
DNN,20250717 08:55:57.131000,0,2.02,3,2.02,35,REGULAR,REGULAR,NQEX,10313
DNN,20250717 08:59:14.039000,0,2.02,15,2.04,46,REGULAR,REGULAR,CHIC,10304
DNN,20250717 08:59:57.501000,0,2.02,1,2.04,15,REGULAR,REGULAR,EDGX,10257
DNN,20250717 08:59:57.501000,0,2.02,1,2.04,15,REGULAR,REGULAR,EDGX,10257
DNN,20250717 08:59:57.501000,0,2.02,1,2.04,15,REGULAR,REGULAR,EDGX,10257
DNN,20250717 09:01:29.232000,0,2.02,40,2.02,7,REGULAR,REGULAR,NQEX,10247
DNN,20250717 09:01:43.118000,0,2.02,40,2.02,19,REGULAR,REGULAR,NQEX,10304
DNN,20250717 09:02:40.310000,0,2.02,40,2.02,19,REGULAR,REGULAR,NQEX,10304
DNN,20250717 09:02:44.980000,0,2.02,40,2.02,19,REGULAR,REGULAR,NQEX,10304
DNN,20250717 09:05:25.611000,0,2.02,40,2.04,43,REGULAR,REGULAR,NQEX,10304
DNN,20250717 09:05:55.628000,0,2.02,40,2.04,43,REGULAR,REGULAR,NQEX,10304
DNN,20250717 09:07:01.755000,0,2.02,40,2.04,43,REGULAR,REGULAR,NQEX,10304
DNN,20250717 09:07:37.094000,0,2.02,40,2.04,41,REGULAR,REGULAR,NQEX,10304
DNN,20250717 09:08:08.858000,0,2.02,3,2.04,41,REGULAR,REGULAR,NQEX,10304
DNN,20250717 09:08:08.858000,0,2.02,3,2.04,41,REGULAR,REGULAR,NQEX,10304
DNN,20250717 09:08:12.563000,0,2.02,40,2.04,41,REGULAR,REGULAR,NQEX,10304
DNN,20250717 09:09:07.123000,0,2.02,40,2.04,41,REGULAR,REGULAR,NQEX,10304
DNN,20250717 09:09:33.970000,0,2.02,40,2.04,43,REGULAR,REGULAR,NQEX,10304
DNN,20250717 09:09:54.678000,0,2.02,40,2.04,43,REGULAR,REGULAR,NQEX,10304
DNN,20250717 09:11:52.286000,0,2.02,40,2.04,41,REGULAR,REGULAR,NQEX,10304
DNN,20250717 09:11:54.474000,0,2.02,40,2.04,41,REGULAR,REGULAR,NQEX,10304
DNN,20250717 09:12:16.284000,0,2.02,40,2.04,41,REGULAR,REGULAR,NQEX,10304
DNN,20250717 09:13:03.985000,0,2.02,40,2.04,41,REGULAR,REGULAR,NQEX,10304
DNN,20250717 09:13:43.269000,0,2.02,40,2.04,41,REGULAR,REGULAR,NQEX,10304
DNN,20250717 09:14:23.278000,0,2.02,40,2.04,41,REGULAR,REGULAR,NQEX,10304
DNN,20250717 09:14:42.393000,0,2.02,40,2.04,41,REGULAR,REGULAR,NQEX,10304
DNN,20250717 09:16:14.009000,0,2.02,40,2.04,41,REGULAR,REGULAR,NQEX,10304
DNN,20250717 09:17:19.299000,0,2.02,40,2.04,41,REGULAR,REGULAR,NQEX,10304
DNN,20250717 09:19:13.075000,0,2.02,40,2.04,43,REGULAR,REGULAR,NQEX,10304
DNN,20250717 09:19:13.514000,0,2.02,40,2.04,43,REGULAR,REGULAR,NQEX,10304
DNN,20250717 09:19:17.882000,0,2.02,40,2.04,43,REGULAR,REGULAR,NQEX,10304
DNN,20250717 09:19:36.366000,0,2.02,40,2.04,43,REGULAR,REGULAR,NQEX,10304
DNN,20250717 09:20:07.534000,0,2.02,40,2.04,45,REGULAR,REGULAR,NQEX,10304
DNN,20250717 09:20:08.535000,0,2.02,40,2.04,45,REGULAR,REGULAR,NQEX,10304
DNN,20250717 09:20:40.079000,0,2.02,40,2.04,45,REGULAR,REGULAR,NQEX,10304
DNN,20250717 09:22:07.443000,0,2.02,40,2.02,1,REGULAR,REGULAR,NQEX,10247
DNN,20250717 09:23:53.251000,0,2.02,40,2.04,44,REGULAR,REGULAR,NQEX,10304
DNN,20250717 09:24:30.700000,0,2.02,40,2.04,44,REGULAR,REGULAR,NQEX,10304
DNN,20250717 09:24:53.088000,0,2.02,40,2.04,44,REGULAR,REGULAR,NQEX,10304
DNN,20250717 09:25:40.190000,0,2.02,15,2.04,41,REGULAR,REGULAR,CHIC,10304
DNN,20250717 09:25:43.569000,0,2.02,15,2.04,41,REGULAR,REGULAR,CHIC,10304
DNN,20250717 09:27:07.789000,0,2.02,15,2.04,41,REGULAR,REGULAR,CHIC,10304
DNN,20250717 09:27:12.777000,0,2.02,15,2.02,3,REGULAR,REGULAR,CHIC,10247
DNN,20250717 09:27:12.777000,0,2.02,15,2.02,3,REGULAR,REGULAR,CHIC,10247
DNN,20250717 09:27:12.777000,0,2.02,15,2.02,3,REGULAR,REGULAR,CHIC,10247
DNN,20250717 09:27:16.303000,0,2.02,15,2.04,41,REGULAR,REGULAR,CHIC,10304
DNN,20250717 09:27:27.683000,0,2.02,15,2.04,41,REGULAR,REGULAR,CHIC,10304
DNN,20250717 09:28:14.313000,0,2.02,15,2.04,30,REGULAR,REGULAR,CHIC,10257
DNN,20250717 09:28:14.313000,0,2.02,15,2.04,30,REGULAR,REGULAR,CHIC,10257
DNN,20250717 09:28:30.034000,0,2.02,21,2.04,30,REGULAR,REGULAR,PACF,10257
DNN,20250717 09:28:30.034000,0,2.02,21,2.04,30,REGULAR,REGULAR,PACF,10257
DNN,20250717 09:28:57.180000,0,2.02,15,2.02,1,REGULAR,REGULAR,CHIC,10247
DNN,20250717 09:28:57.180000,0,2.02,15,2.02,1,REGULAR,REGULAR,CHIC,10247
DNN,20250717 09:28:57.180000,0,2.02,15,2.02,1,REGULAR,REGULAR,CHIC,10247
DNN,20250717 09:28:57.181000,0,2.02,15,2.02,1,REGULAR,REGULAR,CHIC,10247
DNN,20250717 09:28:59.062000,0,2.02,15,2.04,30,REGULAR,REGULAR,CHIC,10257
DNN,20250717 09:29:04.949000,0,2.02,15,2.04,30,REGULAR,REGULAR,CHIC,10257
DNN,20250717 09:29:04.949000,0,2.02,15,2.04,30,REGULAR,REGULAR,CHIC,10257
DNN,20250717 09:29:04.950000,0,2.02,15,2.02,40,REGULAR,REGULAR,CHIC,10241
DNN,20250717 09:29:08.820000,0,2.02,15,2.04,40,REGULAR,REGULAR,CHIC,10241
DNN,20250717 09:29:46.440000,0,2.02,15,2.04,30,REGULAR,REGULAR,PACF,10257
DNN,20250717 09:29:46.441000,0,2.02,15,2.04,30,REGULAR,REGULAR,PACF,10257
DNN,20250717 09:30:00.039000,0,2.02,15,2.04,30,REGULAR,REGULAR,PACF,10257
DNN,20250717 09:30:00.039000,0,2.02,15,2.04,30,REGULAR,REGULAR,PACF,10257
DNN,20250717 09:30:00.043000,0,2.02,15,2.04,30,REGULAR,REGULAR,PACF,10257
DNN,20250717 09:30:00.053000,0,2.02,80,2.04,30,REGULAR,REGULAR,AMEX,10257
DNN,20250717 09:30:00.054000,0,2.02,106,2.04,30,REGULAR,REGULAR,AMEX,10257
DNN,20250717 09:30:00.054000,0,2.02,106,2.04,30,REGULAR,REGULAR,AMEX,10257
DNN,20250717 09:30:00.060000,0,2.02,106,2.04,30,REGULAR,REGULAR,AMEX,10257
DNN,20250717 09:30:00.062000,0,2.02,106,2.04,30,REGULAR,REGULAR,AMEX,10257
DNN,20250717 09:30:00.064000,0,2.02,106,2.04,30,REGULAR,REGULAR,AMEX,10257
DNN,20250717 09:30:00.064000,0,2.02,106,2.04,30,REGULAR,REGULAR,AMEX,10257
DNN,20250717 09:30:00.066000,0,2.02,106,2.04,30,REGULAR,REGULAR,AMEX,10257
DNN,20250717 09:30:00.066000,0,2.02,106,2.04,30,REGULAR,REGULAR,AMEX,10257
DNN,20250717 09:30:00.073000,0,2.02,111,2.04,30,REGULAR,REGULAR,AMEX,10257
DNN,20250717 09:30:00.073000,0,2.02,111,2.04,30,REGULAR,REGULAR,AMEX,10257
DNN,20250717 09:30:00.074000,0,2.02,111,2.04,30,REGULAR,REGULAR,AMEX,10257
DNN,20250717 09:30:00.075000,0,2.02,111,2.04,32,REGULAR,REGULAR,AMEX,10244
DNN,20250717 09:30:00.075000,0,2.02,111,2.04,32,REGULAR,REGULAR,AMEX,10244
DNN,20250717 09:30:00.076000,0,2.02,111,2.04,32,REGULAR,REGULAR,AMEX,10244
DNN,20250717 09:30:00.076000,0,2.02,111,2.04,32,REGULAR,REGULAR,AMEX,10244
DNN,20250717 09:30:00.077000,0,2.02,111,2.04,32,REGULAR,REGULAR,AMEX,10244
DNN,20250717 09:30:00.078000,0,2.02,110,2.04,32,REGULAR,REGULAR,AMEX,10244
DNN,20250717 09:30:00.078000,0,2.02,110,2.04,32,REGULAR,REGULAR,AMEX,10244
DNN,20250717 09:30:00.079000,0,2.02,111,2.04,32,REGULAR,REGULAR,AMEX,10244
DNN,20250717 09:30:00.080000,0,2.02,111,2.04,32,REGULAR,REGULAR,AMEX,10244
DNN,20250717 09:30:00.080000,0,2.02,111,2.04,32,REGULAR,REGULAR,AMEX,10244
DNN,20250717 09:30:00.083000,0,2.02,111,2.04,32,REGULAR,REGULAR,AMEX,10244
DNN,20250717 09:30:00.083000,0,2.02,111,2.04,32,REGULAR,REGULAR,AMEX,10244
DNN,20250717 09:30:00.083000,0,2.02,111,2.04,32,REGULAR,REGULAR,AMEX,10244
DNN,20250717 09:30:00.084000,0,2.02,111,2.04,32,REGULAR,REGULAR,AMEX,10244
DNN,20250717 09:30:00.084000,0,2.02,111,2.04,32,REGULAR,REGULAR,AMEX,10244
DNN,20250717 09:30:00.085000,0,2.02,111,2.04,32,REGULAR,REGULAR,AMEX,10244
DNN,20250717 09:30:00.085000,0,2.02,111,2.04,32,REGULAR,REGULAR,AMEX,10244
DNN,20250717 09:30:00.085000,0,2.02,111,2.04,32,REGULAR,REGULAR,AMEX,10244
DNN,20250717 09:30:00.087000,0,2.02,111,2.04,32,REGULAR,REGULAR,AMEX,10244
DNN,20250717 09:30:00.088000,0,2.02,111,2.04,32,REGULAR,REGULAR,AMEX,10244
DNN,20250717 09:30:00.089000,0,2.02,111,2.04,32,REGULAR,REGULAR,AMEX,10244
DNN,20250717 09:30:00.090000,0,2.02,111,2.04,32,REGULAR,REGULAR,AMEX,10244
DNN,20250717 09:30:00.090000,0,2.02,111,2.04,32,REGULAR,REGULAR,AMEX,10244
DNN,20250717 09:30:00.091000,0,2.02,111,2.04,32,REGULAR,REGULAR,AMEX,10244
DNN,20250717 09:30:00.092000,0,2.02,111,2.04,32,REGULAR,REGULAR,AMEX,10244
DNN,20250717 09:30:00.093000,0,2.02,111,2.04,32,REGULAR,REGULAR,AMEX,10244
DNN,20250717 09:30:00.099000,0,2.02,111,2.04,32,REGULAR,REGULAR,AMEX,10244
DNN,20250717 09:30:00.100000,0,2.02,111,2.04,32,REGULAR,REGULAR,AMEX,10244
DNN,20250717 09:30:00.105000,0,2.02,111,2.04,32,REGULAR,REGULAR,AMEX,10244
DNN,20250717 09:30:00.106000,0,2.02,111,2.04,32,REGULAR,REGULAR,AMEX,10244
DNN,20250717 09:30:00.106000,0,2.02,111,2.04,32,REGULAR,REGULAR,AMEX,10244
DNN,20250717 09:30:00.143000,0,2.02,111,2.04,32,REGULAR,REGULAR,AMEX,10244
DNN,20250717 09:30:00.144000,0,2.02,111,2.04,32,REGULAR,REGULAR,AMEX,10244
DNN,20250717 09:30:00.145000,0,2.02,111,2.04,32,REGULAR,REGULAR,AMEX,10244
DNN,20250717 09:30:00.145000,0,2.02,111,2.04,32,REGULAR,REGULAR,AMEX,10244
DNN,20250717 09:30:00.154000,0,2.02,111,2.04,32,REGULAR,REGULAR,AMEX,10244
DNN,20250717 09:30:00.155000,0,2.02,111,2.04,32,REGULAR,REGULAR,AMEX,10244
DNN,20250717 09:30:00.182000,0,2.02,111,2.04,32,REGULAR,REGULAR,AMEX,10244
DNN,20250717 09:30:00.183000,0,2.02,111,2.04,32,REGULAR,REGULAR,AMEX,10244
DNN,20250717 09:30:00.184000,0,2.02,111,2.04,32,REGULAR,REGULAR,AMEX,10244
DNN,20250717 09:30:00.184000,0,2.02,111,2.04,32,REGULAR,REGULAR,AMEX,10244
DNN,20250717 09:30:00.187000,0,2.02,111,2.04,32,REGULAR,REGULAR,AMEX,10244
DNN,20250717 09:30:00.187000,0,2.02,111,2.04,32,REGULAR,REGULAR,AMEX,10244
DNN,20250717 09:30:00.191000,0,2.02,111,2.04,32,REGULAR,REGULAR,AMEX,10244
DNN,20250717 09:30:00.192000,0,2.02,111,2.04,32,REGULAR,REGULAR,AMEX,10244
DNN,20250717 09:30:00.192000,0,2.02,111,2.04,32,REGULAR,REGULAR,AMEX,10244
DNN,20250717 09:30:00.193000,0,2.02,111,2.04,32,REGULAR,REGULAR,AMEX,10244
DNN,20250717 09:30:00.198000,0,2.02,111,2.04,32,REGULAR,REGULAR,AMEX,10244
DNN,20250717 09:30:00.205000,0,2.02,111,2.04,32,REGULAR,REGULAR,AMEX,10244
DNN,20250717 09:30:00.205000,0,2.02,111,2.04,32,REGULAR,REGULAR,AMEX,10244
DNN,20250717 09:30:00.208000,0,2.02,111,2.04,32,REGULAR,REGULAR,AMEX,10244
DNN,20250717 09:30:00.209000,0,2.02,111,2.04,32,REGULAR,REGULAR,AMEX,10244
DNN,20250717 09:30:00.210000,0,2.02,111,2.04,32,REGULAR,REGULAR,AMEX,10244
DNN,20250717 09:30:00.212000,0,2.02,111,2.04,32,REGULAR,REGULAR,AMEX,10244
DNN,20250717 09:30:00.212000,0,2.02,111,2.04,32,REGULAR,REGULAR,AMEX,10244
DNN,20250717 09:30:00.222000,0,2.02,111,2.04,32,REGULAR,REGULAR,AMEX,10244
DNN,20250717 09:30:00.223000,0,2.02,111,2.04,32,REGULAR,REGULAR,AMEX,10244
DNN,20250717 09:30:00.226000,0,2.02,111,2.04,32,REGULAR,REGULAR,AMEX,10244
DNN,20250717 09:30:00.229000,0,2.02,111,2.04,32,REGULAR,REGULAR,AMEX,10244
DNN,20250717 09:30:00.229000,0,2.02,111,2.04,32,REGULAR,REGULAR,AMEX,10244
DNN,20250717 09:30:00.229000,0,2.02,111,2.04,32,REGULAR,REGULAR,AMEX,10244
DNN,20250717 09:30:00.230000,0,2.02,111,2.04,32,REGULAR,REGULAR,AMEX,10244
DNN,20250717 09:30:00.242000,0,2.02,111,2.04,32,REGULAR,REGULAR,AMEX,10244
DNN,20250717 09:30:00.243000,0,2.02,111,2.04,32,REGULAR,REGULAR,AMEX,10244
DNN,20250717 09:30:00.254000,0,2.02,111,2.04,32,REGULAR,REGULAR,AMEX,10244
DNN,20250717 09:30:00.256000,0,2.02,111,2.04,32,REGULAR,REGULAR,AMEX,10244
DNN,20250717 09:30:00.256000,0,2.02,111,2.04,32,REGULAR,REGULAR,AMEX,10244
DNN,20250717 09:30:00.263000,0,2.02,111,2.04,32,REGULAR,REGULAR,AMEX,10244
DNN,20250717 09:30:00.264000,0,2.02,111,2.04,32,REGULAR,REGULAR,AMEX,10244
DNN,20250717 09:30:00.266000,0,2.02,111,2.04,32,REGULAR,REGULAR,AMEX,10244
DNN,20250717 09:30:00.267000,0,2.02,111,2.04,32,REGULAR,REGULAR,AMEX,10244
DNN,20250717 09:30:00.270000,0,2.02,111,2.04,32,REGULAR,REGULAR,AMEX,10244
DNN,20250717 09:30:00.270000,0,2.02,111,2.04,32,REGULAR,REGULAR,AMEX,10244
DNN,20250717 09:30:00.270000,0,2.02,111,2.04,32,REGULAR,REGULAR,AMEX,10244
DNN,20250717 09:30:00.272000,0,2.02,111,2.04,32,REGULAR,REGULAR,AMEX,10244
DNN,20250717 09:30:00.274000,0,2.02,111,2.04,32,REGULAR,REGULAR,AMEX,10244
DNN,20250717 09:30:00.275000,0,2.02,111,2.04,32,REGULAR,REGULAR,AMEX,10244
DNN,20250717 09:30:00.276000,0,2.02,111,2.04,32,REGULAR,REGULAR,AMEX,10244
DNN,20250717 09:30:00.276000,0,2.02,111,2.04,32,REGULAR,REGULAR,AMEX,10244
DNN,20250717 09:30:00.276000,0,2.02,111,2.04,32,REGULAR,REGULAR,AMEX,10244
DNN,20250717 09:30:00.277000,0,2.02,111,2.04,32,REGULAR,REGULAR,AMEX,10244
DNN,20250717 09:30:00.279000,0,2.02,111,2.04,32,REGULAR,REGULAR,AMEX,10244
DNN,20250717 09:30:00.280000,0,2.02,111,2.04,32,REGULAR,REGULAR,AMEX,10244
DNN,20250717 09:30:00.281000,0,2.02,111,2.04,32,REGULAR,REGULAR,AMEX,10244
DNN,20250717 09:30:00.281000,0,2.02,111,2.04,32,REGULAR,REGULAR,AMEX,10244
DNN,20250717 09:30:00.282000,0,2.02,111,2.04,32,REGULAR,REGULAR,AMEX,10244
DNN,20250717 09:30:00.282000,0,2.02,111,2.04,32,REGULAR,REGULAR,AMEX,10244
DNN,20250717 09:30:00.283000,0,2.02,111,2.04,32,REGULAR,REGULAR,AMEX,10244
DNN,20250717 09:30:00.284000,0,2.02,111,2.04,32,REGULAR,REGULAR,AMEX,10244
DNN,20250717 09:30:00.286000,0,2.02,111,2.04,32,REGULAR,REGULAR,AMEX,10244
DNN,20250717 09:30:00.287000,0,2.02,111,2.04,32,REGULAR,REGULAR,AMEX,10244
DNN,20250717 09:30:00.287000,0,2.02,111,2.04,32,REGULAR,REGULAR,AMEX,10244
DNN,20250717 09:30:00.287000,0,2.02,111,2.04,32,REGULAR,REGULAR,AMEX,10244
DNN,20250717 09:30:00.291000,0,2.02,111,2.04,32,REGULAR,REGULAR,AMEX,10244
DNN,20250717 09:30:00.292000,0,2.02,111,2.04,32,REGULAR,REGULAR,AMEX,10244
DNN,20250717 09:30:00.294000,0,2.02,111,2.04,32,REGULAR,REGULAR,AMEX,10244
DNN,20250717 09:30:00.297000,0,2.02,111,2.04,32,REGULAR,REGULAR,AMEX,10244
DNN,20250717 09:30:00.297000,0,2.02,111,2.04,32,REGULAR,REGULAR,AMEX,10244
DNN,20250717 09:30:00.297000,0,2.02,111,2.04,32,REGULAR,REGULAR,AMEX,10244
DNN,20250717 09:30:00.298000,0,2.02,111,2.04,32,REGULAR,REGULAR,AMEX,10244
DNN,20250717 09:30:00.300000,0,2.02,111,2.04,32,REGULAR,REGULAR,AMEX,10244
DNN,20250717 09:30:00.301000,0,2.02,111,2.04,32,REGULAR,REGULAR,AMEX,10244
DNN,20250717 09:30:00.301000,0,2.02,111,2.04,32,REGULAR,REGULAR,AMEX,10244
DNN,20250717 09:30:00.302000,0,2.02,111,2.04,32,REGULAR,REGULAR,AMEX,10244
DNN,20250717 09:30:00.315000,0,2.02,111,2.04,32,REGULAR,REGULAR,AMEX,10244
DNN,20250717 09:30:00.316000,0,2.02,111,2.04,32,REGULAR,REGULAR,AMEX,10244
DNN,20250717 09:30:00.322000,0,2.02,111,2.04,32,REGULAR,REGULAR,AMEX,10244
DNN,20250717 09:30:00.328000,0,2.02,111,2.04,32,REGULAR,REGULAR,AMEX,10244
DNN,20250717 09:30:00.329000,0,2.02,111,2.04,32,REGULAR,REGULAR,AMEX,10244
DNN,20250717 09:30:00.335000,0,2.02,111,2.04,32,REGULAR,REGULAR,AMEX,10244
DNN,20250717 09:30:00.336000,0,2.02,111,2.04,32,REGULAR,REGULAR,AMEX,10244
DNN,20250717 09:30:00.421000,0,2.02,111,2.04,32,REGULAR,REGULAR,AMEX,10244
DNN,20250717 09:30:00.436000,0,2.02,132,2.04,32,REGULAR,REGULAR,EDGE,10244
DNN,20250717 09:30:00.478000,0,2.02,132,2.04,32,REGULAR,REGULAR,EDGE,10244
DNN,20250717 09:30:00.478000,0,2.02,132,2.04,32,REGULAR,REGULAR,EDGE,10244
DNN,20250717 09:30:00.611000,0,2.02,132,2.04,32,REGULAR,REGULAR,EDGE,10244
DNN,20250717 09:30:00.627000,0,2.02,132,2.04,32,REGULAR,REGULAR,EDGE,10244
DNN,20250717 09:30:00.633000,0,2.02,132,2.04,32,REGULAR,REGULAR,EDGE,10244
DNN,20250717 09:30:00.636000,0,2.02,132,2.04,32,REGULAR,REGULAR,EDGE,10244
DNN,20250717 09:30:00.743000,0,2.02,132,2.04,32,REGULAR,REGULAR,EDGE,10244
DNN,20250717 09:30:00.749000,0,2.02,132,2.04,32,REGULAR,REGULAR,EDGE,10244
DNN,20250717 09:30:00.755000,0,2.02,132,2.04,32,REGULAR,REGULAR,EDGE,10244
DNN,20250717 09:30:00.834000,0,2.02,132,2.04,32,REGULAR,REGULAR,EDGE,10244
DNN,20250717 09:30:00.853000,0,2.02,132,2.04,32,REGULAR,REGULAR,EDGE,10244
DNN,20250717 09:30:00.855000,0,2.02,132,2.04,32,REGULAR,REGULAR,EDGE,10244
DNN,20250717 09:30:00.855000,0,2.02,132,2.04,32,REGULAR,REGULAR,EDGE,10244
DNN,20250717 09:30:00.855000,0,2.02,132,2.04,32,REGULAR,REGULAR,EDGE,10244
DNN,20250717 09:30:00.855000,0,2.02,132,2.04,32,REGULAR,REGULAR,EDGE,10244
DNN,20250717 09:30:00.855000,0,2.02,132,2.04,32,REGULAR,REGULAR,EDGE,10244
DNN,20250717 09:30:00.855000,0,2.02,132,2.04,32,REGULAR,REGULAR,EDGE,10244
DNN,20250717 09:30:00.855000,0,2.02,132,2.04,32,REGULAR,REGULAR,EDGE,10244
DNN,20250717 09:30:00.855000,0,2.02,132,2.04,32,REGULAR,REGULAR,EDGE,10244
DNN,20250717 09:30:00.856000,0,2.02,132,2.04,32,REGULAR,REGULAR,EDGE,10244
DNN,20250717 09:30:00.856000,0,2.02,132,2.04,32,REGULAR,REGULAR,EDGE,10244
DNN,20250717 09:30:00.856000,0,2.02,132,2.04,32,REGULAR,REGULAR,EDGE,10244
DNN,20250717 09:30:00.856000,0,2.02,132,2.04,32,REGULAR,REGULAR,EDGE,10244
DNN,20250717 09:30:00.856000,0,2.02,132,2.04,32,REGULAR,REGULAR,EDGE,10244
DNN,20250717 09:30:00.856000,0,2.02,132,2.04,32,REGULAR,REGULAR,EDGE,10244
DNN,20250717 09:30:00.856000,0,2.02,132,2.04,32,REGULAR,REGULAR,EDGE,10244
DNN,20250717 09:30:00.857000,0,2.02,132,2.04,32,REGULAR,REGULAR,EDGE,10244
DNN,20250717 09:30:00.857000,0,2.02,132,2.04,32,REGULAR,REGULAR,EDGE,10244
DNN,20250717 09:30:00.857000,0,2.02,132,2.04,32,REGULAR,REGULAR,EDGE,10244
DNN,20250717 09:30:00.857000,0,2.02,132,2.04,32,REGULAR,REGULAR,EDGE,10244
DNN,20250717 09:30:00.858000,0,2.02,132,2.04,32,REGULAR,REGULAR,EDGE,10244
DNN,20250717 09:30:00.858000,0,2.02,132,2.04,32,REGULAR,REGULAR,EDGE,10244
DNN,20250717 09:30:00.859000,0,2.02,132,2.04,32,REGULAR,REGULAR,EDGE,10244
DNN,20250717 09:30:00.859000,0,2.02,132,2.04,32,REGULAR,REGULAR,EDGE,10244
DNN,20250717 09:30:00.859000,0,2.02,132,2.04,32,REGULAR,REGULAR,EDGE,10244
DNN,20250717 09:30:00.859000,0,2.02,132,2.04,32,REGULAR,REGULAR,EDGE,10244
DNN,20250717 09:30:00.860000,0,2.02,132,2.04,32,REGULAR,REGULAR,EDGE,10244
DNN,20250717 09:30:00.861000,0,2.02,132,2.04,32,REGULAR,REGULAR,EDGE,10244
DNN,20250717 09:30:00.862000,0,2.02,132,2.04,32,REGULAR,REGULAR,EDGE,10244
DNN,20250717 09:30:00.862000,0,2.02,132,2.04,32,REGULAR,REGULAR,EDGE,10244
DNN,20250717 09:30:00.899000,0,2.02,132,2.04,32,REGULAR,REGULAR,EDGE,10244
DNN,20250717 09:30:00.904000,0,2.02,132,2.04,32,REGULAR,REGULAR,EDGE,10244
DNN,20250717 09:30:00.908000,0,2.02,132,2.04,32,REGULAR,REGULAR,EDGE,10244
DNN,20250717 09:30:00.952000,0,2.02,132,2.04,32,REGULAR,REGULAR,EDGE,10244
DNN,20250717 09:30:00.988000,0,2.02,132,2.04,32,REGULAR,REGULAR,EDGE,10244
DNN,20250717 09:30:01.044000,0,2.02,132,2.04,32,REGULAR,REGULAR,EDGE,10244
DNN,20250717 09:30:01.104000,0,2.02,132,2.04,32,REGULAR,REGULAR,EDGE,10244
DNN,20250717 09:30:01.104000,0,2.02,132,2.04,32,REGULAR,REGULAR,EDGE,10244
DNN,20250717 09:30:01.104000,0,2.02,132,2.04,32,REGULAR,REGULAR,EDGE,10244
DNN,20250717 09:30:01.105000,0,2.02,132,2.04,32,REGULAR,REGULAR,EDGE,10244
DNN,20250717 09:30:01.106000,0,2.02,132,2.04,32,REGULAR,REGULAR,EDGE,10244
DNN,20250717 09:30:01.106000,0,2.02,132,2.04,32,REGULAR,REGULAR,EDGE,10244
DNN,20250717 09:30:01.106000,0,2.02,132,2.04,32,REGULAR,REGULAR,EDGE,10244
DNN,20250717 09:30:01.106000,0,2.02,132,2.04,32,REGULAR,REGULAR,EDGE,10244
DNN,20250717 09:30:01.106000,0,2.02,132,2.04,32,REGULAR,REGULAR,EDGE,10244
DNN,20250717 09:30:01.107000,0,2.02,132,2.04,32,REGULAR,REGULAR,EDGE,10244
DNN,20250717 09:30:01.107000,0,2.02,132,2.04,32,REGULAR,REGULAR,EDGE,10244
DNN,20250717 09:30:01.107000,0,2.02,132,2.04,32,REGULAR,REGULAR,EDGE,10244
DNN,20250717 09:30:01.107000,0,2.02,132,2.04,32,REGULAR,REGULAR,EDGE,10244
DNN,20250717 09:30:01.108000,0,2.02,132,2.04,32,REGULAR,REGULAR,EDGE,10244
DNN,20250717 09:30:01.108000,0,2.02,132,2.04,32,REGULAR,REGULAR,EDGE,10244
DNN,20250717 09:30:01.110000,0,2.02,132,2.04,32,REGULAR,REGULAR,EDGE,10244
DNN,20250717 09:30:01.132000,0,2.02,130,2.02,18,REGULAR,REGULAR,EDGE,10241
DNN,20250717 09:30:01.132000,0,2.02,130,2.02,18,REGULAR,REGULAR,EDGE,10241
DNN,20250717 09:30:01.132000,0,2.02,130,2.02,18,REGULAR,REGULAR,EDGE,10241
DNN,20250717 09:30:01.134000,0,2.02,129,2.02,18,REGULAR,REGULAR,EDGE,10241
DNN,20250717 09:30:01.134000,0,2.02,129,2.02,18,REGULAR,REGULAR,EDGE,10241
DNN,20250717 09:30:01.134000,0,2.02,129,2.02,18,REGULAR,REGULAR,EDGE,10241
DNN,20250717 09:30:01.135000,0,2.02,128,2.02,18,REGULAR,REGULAR,EDGE,10241
DNN,20250717 09:30:01.135000,0,2.02,128,2.02,18,REGULAR,REGULAR,EDGE,10241
DNN,20250717 09:30:01.146000,0,2.02,128,2.02,18,REGULAR,REGULAR,EDGE,10241
DNN,20250717 09:30:01.166000,0,2.02,128,2.02,17,REGULAR,REGULAR,EDGE,10241
DNN,20250717 09:30:01.201000,0,2.02,128,2.02,17,REGULAR,REGULAR,EDGE,10241
DNN,20250717 09:30:01.273000,0,2.02,128,2.02,17,REGULAR,REGULAR,EDGE,10241
DNN,20250717 09:30:01.341000,0,2.02,128,2.02,17,REGULAR,REGULAR,EDGE,10241
DNN,20250717 09:30:01.390000,0,2.02,128,2.02,17,REGULAR,REGULAR,EDGE,10241
DNN,20250717 09:30:01.432000,0,2.02,130,2.02,17,REGULAR,REGULAR,AMEX,10241
DNN,20250717 09:30:01.432000,0,2.02,130,2.02,17,REGULAR,REGULAR,AMEX,10241
DNN,20250717 09:30:01.453000,0,2.02,130,2.02,4,REGULAR,REGULAR,AMEX,10308
DNN,20250717 09:30:01.584000,0,2.02,140,2.02,4,REGULAR,REGULAR,AMEX,10308
DNN,20250717 09:30:01.724000,0,2.02,140,2.02,4,REGULAR,REGULAR,AMEX,10308
DNN,20250717 09:30:01.912000,0,2.02,140,2.02,4,REGULAR,REGULAR,AMEX,10308
DNN,20250717 09:30:01.912000,0,2.02,140,2.02,4,REGULAR,REGULAR,AMEX,10308
DNN,20250717 09:30:01.913000,0,2.02,140,2.02,4,REGULAR,REGULAR,AMEX,10308
DNN,20250717 09:30:02.040000,0,2.02,140,2.02,5,REGULAR,REGULAR,AMEX,10308
DNN,20250717 09:30:02.040000,0,2.02,140,2.02,5,REGULAR,REGULAR,AMEX,10308
DNN,20250717 09:30:02.041000,0,2.02,140,2.02,5,REGULAR,REGULAR,AMEX,10308
DNN,20250717 09:30:02.041000,0,2.02,140,2.02,5,REGULAR,REGULAR,AMEX,10308
DNN,20250717 09:30:02.050000,0,2.02,140,2.02,5,REGULAR,REGULAR,AMEX,10308
DNN,20250717 09:30:02.052000,0,2.02,140,2.02,5,REGULAR,REGULAR,AMEX,10308
DNN,20250717 09:30:02.055000,0,2.02,140,2.02,5,REGULAR,REGULAR,AMEX,10308
DNN,20250717 09:30:02.055000,0,2.02,140,2.02,5,REGULAR,REGULAR,AMEX,10308
DNN,20250717 09:30:02.056000,0,2.02,140,2.02,5,REGULAR,REGULAR,AMEX,10308
DNN,20250717 09:30:02.056000,0,2.02,140,2.02,5,REGULAR,REGULAR,AMEX,10308
DNN,20250717 09:30:02.058000,0,2.02,140,2.02,5,REGULAR,REGULAR,AMEX,10308
DNN,20250717 09:30:03.445000,0,2.02,128,2.02,5,REGULAR,REGULAR,EDGE,10308
DNN,20250717 09:30:03.498000,0,2.02,128,2.02,5,REGULAR,REGULAR,EDGE,10308
DNN,20250717 09:30:04.095000,0,2.02,128,2.02,5,REGULAR,REGULAR,EDGE,10308
DNN,20250717 09:30:04.426000,0,2.02,128,2.02,24,REGULAR,REGULAR,EDGE,10304
DNN,20250717 09:30:05.757000,0,2.02,128,2.02,24,REGULAR,REGULAR,EDGE,10304
DNN,20250717 09:30:06.114000,0,2.02,128,2.02,24,REGULAR,REGULAR,EDGE,10304
DNN,20250717 09:30:06.114000,0,2.02,128,2.02,24,REGULAR,REGULAR,EDGE,10304
DNN,20250717 09:30:06.133000,0,2.02,128,2.02,24,REGULAR,REGULAR,EDGE,10304
DNN,20250717 09:30:06.266000,0,2.02,128,2.02,24,REGULAR,REGULAR,EDGE,10304
DNN,20250717 09:30:06.316000,0,2.02,128,2.02,24,REGULAR,REGULAR,EDGE,10304
DNN,20250717 09:30:06.326000,0,2.02,128,2.02,24,REGULAR,REGULAR,EDGE,10304
DNN,20250717 09:30:06.341000,0,2.02,128,2.02,24,REGULAR,REGULAR,EDGE,10304
DNN,20250717 09:30:06.428000,0,2.02,128,2.02,24,REGULAR,REGULAR,EDGE,10304
DNN,20250717 09:30:06.660000,0,2.02,128,2.02,24,REGULAR,REGULAR,EDGE,10304
DNN,20250717 09:30:06.733000,0,2.02,128,2.02,24,REGULAR,REGULAR,EDGE,10304
DNN,20250717 09:30:06.733000,0,2.02,128,2.02,24,REGULAR,REGULAR,EDGE,10304
DNN,20250717 09:30:06.782000,0,2.02,128,2.02,24,REGULAR,REGULAR,EDGE,10304
DNN,20250717 09:30:06.822000,0,2.02,128,2.02,24,REGULAR,REGULAR,EDGE,10304
DNN,20250717 09:30:06.879000,0,2.02,128,2.02,24,REGULAR,REGULAR,EDGE,10304
DNN,20250717 09:30:06.879000,0,2.02,128,2.02,24,REGULAR,REGULAR,EDGE,10304
DNN,20250717 09:30:06.891000,0,2.02,128,2.02,24,REGULAR,REGULAR,EDGE,10304
DNN,20250717 09:30:07.174000,0,2.02,128,2.02,24,REGULAR,REGULAR,EDGE,10304
DNN,20250717 09:30:07.846000,0,2.02,128,2.02,24,REGULAR,REGULAR,EDGE,10304
DNN,20250717 09:30:07.926000,0,2.02,128,2.02,24,REGULAR,REGULAR,EDGE,10304
DNN,20250717 09:30:09.065000,0,2.02,128,2.02,24,REGULAR,REGULAR,EDGE,10304
DNN,20250717 09:30:09.948000,0,2.02,128,2.02,24,REGULAR,REGULAR,EDGE,10304
DNN,20250717 09:30:09.955000,0,2.02,128,2.02,24,REGULAR,REGULAR,EDGE,10304
DNN,20250717 09:30:10.051000,0,2.02,128,2.02,24,REGULAR,REGULAR,EDGE,10304
DNN,20250717 09:30:10.054000,0,2.02,128,2.02,24,REGULAR,REGULAR,EDGE,10304
DNN,20250717 09:30:10.145000,0,2.02,128,2.02,24,REGULAR,REGULAR,EDGE,10304
DNN,20250717 09:30:11.134000,0,2.02,128,2.02,24,REGULAR,REGULAR,EDGE,10304
DNN,20250717 09:30:11.552000,0,2.02,128,2.02,24,REGULAR,REGULAR,EDGE,10304
DNN,20250717 09:30:14.456000,0,2.02,128,2.02,18,REGULAR,REGULAR,EDGE,10304
DNN,20250717 09:30:14.799000,0,2.02,128,2.02,18,REGULAR,REGULAR,EDGE,10304
DNN,20250717 09:30:14.799000,0,2.02,128,2.02,18,REGULAR,REGULAR,EDGE,10304
DNN,20250717 09:30:14.799000,0,2.02,128,2.02,18,REGULAR,REGULAR,EDGE,10304
DNN,20250717 09:30:14.799000,0,2.02,128,2.02,18,REGULAR,REGULAR,EDGE,10304
DNN,20250717 09:30:14.799000,0,2.02,128,2.02,18,REGULAR,REGULAR,EDGE,10304
DNN,20250717 09:30:14.799000,0,2.02,128,2.02,18,REGULAR,REGULAR,EDGE,10304
DNN,20250717 09:30:14.799000,0,2.02,128,2.02,18,REGULAR,REGULAR,EDGE,10304
DNN,20250717 09:30:14.799000,0,2.02,128,2.02,18,REGULAR,REGULAR,EDGE,10304
DNN,20250717 09:30:14.800000,0,2.02,128,2.02,18,REGULAR,REGULAR,EDGE,10304
DNN,20250717 09:30:16.887000,0,2.02,178,2.02,62,REGULAR,REGULAR,MEMX,10305
DNN,20250717 09:30:18.850000,0,2.02,178,2.02,100,REGULAR,REGULAR,MEMX,10305
DNN,20250717 09:30:20.852000,0,2.02,178,2.02,100,REGULAR,REGULAR,MEMX,10305
DNN,20250717 09:30:23.744000,0,2.02,188,2.02,96,REGULAR,REGULAR,MEMX,10305
DNN,20250717 09:30:25.697000,0,2.02,188,2.02,96,REGULAR,REGULAR,MEMX,10305
DNN,20250717 09:30:26.861000,0,2.02,178,2.02,96,REGULAR,REGULAR,MEMX,10305
DNN,20250717 09:30:27.209000,0,2.02,178,2.02,96,REGULAR,REGULAR,MEMX,10305
DNN,20250717 09:30:28.907000,0,2.02,178,2.02,96,REGULAR,REGULAR,MEMX,10305
DNN,20250717 09:30:31.030000,0,2.02,178,2.02,96,REGULAR,REGULAR,MEMX,10305
DNN,20250717 09:30:31.030000,0,2.02,178,2.02,96,REGULAR,REGULAR,MEMX,10305
DNN,20250717 09:30:32.326000,0,2.02,188,2.02,96,REGULAR,REGULAR,MEMX,10305
DNN,20250717 09:30:32.569000,0,2.02,188,2.02,96,REGULAR,REGULAR,MEMX,10305
DNN,20250717 09:30:32.575000,0,2.02,188,2.02,96,REGULAR,REGULAR,MEMX,10305
DNN,20250717 09:30:32.921000,0,2.02,188,2.02,96,REGULAR,REGULAR,MEMX,10305
DNN,20250717 09:30:33.274000,0,2.02,188,2.02,96,REGULAR,REGULAR,MEMX,10305
DNN,20250717 09:30:33.274000,0,2.02,188,2.02,96,REGULAR,REGULAR,MEMX,10305
DNN,20250717 09:30:35.698000,0,2.02,153,2.02,215,REGULAR,REGULAR,MEMX,10313
DNN,20250717 09:30:35.699000,0,2.02,153,2.02,215,REGULAR,REGULAR,MEMX,10313
DNN,20250717 09:30:35.705000,0,2.02,153,2.02,130,REGULAR,REGULAR,MEMX,10305
DNN,20250717 09:30:35.710000,0,2.02,153,2.02,130,REGULAR,REGULAR,MEMX,10305
DNN,20250717 09:30:35.711000,0,2.02,153,2.02,130,REGULAR,REGULAR,MEMX,10305
DNN,20250717 09:30:35.711000,0,2.02,153,2.02,130,REGULAR,REGULAR,MEMX,10305
DNN,20250717 09:30:35.816000,0,2.02,153,2.02,130,REGULAR,REGULAR,MEMX,10305
DNN,20250717 09:30:35.849000,0,2.02,153,2.02,130,REGULAR,REGULAR,MEMX,10305
DNN,20250717 09:30:35.885000,0,2.02,153,2.02,130,REGULAR,REGULAR,MEMX,10305
DNN,20250717 09:30:35.896000,0,2.02,153,2.02,130,REGULAR,REGULAR,MEMX,10305
DNN,20250717 09:30:39.388000,0,2.02,153,2.02,126,REGULAR,REGULAR,MEMX,10305
DNN,20250717 09:30:40.512000,0,2.02,153,2.02,136,REGULAR,REGULAR,MEMX,10305
DNN,20250717 09:30:41.106000,0,2.02,153,2.02,148,REGULAR,REGULAR,MEMX,10241
DNN,20250717 09:30:41.140000,0,2.02,153,2.02,148,REGULAR,REGULAR,MEMX,10241
DNN,20250717 09:30:41.792000,0,2.02,153,2.02,148,REGULAR,REGULAR,MEMX,10241
DNN,20250717 09:30:41.799000,0,2.02,153,2.02,148,REGULAR,REGULAR,MEMX,10241
DNN,20250717 09:30:42.894000,0,2.02,153,2.02,136,REGULAR,REGULAR,MEMX,10305
DNN,20250717 09:30:42.902000,0,2.02,153,2.02,136,REGULAR,REGULAR,MEMX,10305
DNN,20250717 09:30:42.903000,0,2.02,153,2.02,136,REGULAR,REGULAR,MEMX,10305
DNN,20250717 09:30:42.934000,0,2.02,153,2.02,136,REGULAR,REGULAR,MEMX,10305
DNN,20250717 09:30:42.978000,0,2.02,153,2.02,136,REGULAR,REGULAR,MEMX,10305
DNN,20250717 09:30:42.978000,0,2.02,153,2.02,136,REGULAR,REGULAR,MEMX,10305
DNN,20250717 09:30:42.978000,0,2.02,153,2.02,136,REGULAR,REGULAR,MEMX,10305
DNN,20250717 09:30:42.978000,0,2.02,153,2.02,136,REGULAR,REGULAR,MEMX,10305
DNN,20250717 09:30:42.978000,0,2.02,153,2.02,136,REGULAR,REGULAR,MEMX,10305
DNN,20250717 09:30:42.978000,0,2.02,153,2.02,136,REGULAR,REGULAR,MEMX,10305
DNN,20250717 09:30:42.978000,0,2.02,153,2.02,136,REGULAR,REGULAR,MEMX,10305
DNN,20250717 09:30:42.978000,0,2.02,153,2.02,136,REGULAR,REGULAR,MEMX,10305
DNN,20250717 09:30:42.979000,0,2.02,153,2.02,116,REGULAR,REGULAR,MEMX,10305
DNN,20250717 09:30:43.025000,0,2.02,153,2.02,106,REGULAR,REGULAR,MEMX,10305
DNN,20250717 09:30:44.153000,0,2.02,153,2.02,133,REGULAR,REGULAR,MEMX,10241
DNN,20250717 09:30:44.154000,0,2.02,153,2.02,133,REGULAR,REGULAR,MEMX,10241
DNN,20250717 09:30:44.154000,0,2.02,153,2.02,133,REGULAR,REGULAR,MEMX,10241
DNN,20250717 09:30:44.155000,0,2.02,153,2.02,133,REGULAR,REGULAR,MEMX,10241
DNN,20250717 09:30:44.162000,0,2.02,153,2.02,133,REGULAR,REGULAR,MEMX,10241
DNN,20250717 09:30:44.164000,0,2.02,153,2.02,133,REGULAR,REGULAR,MEMX,10241
DNN,20250717 09:30:44.687000,0,2.02,153,2.02,133,REGULAR,REGULAR,MEMX,10241
DNN,20250717 09:30:44.695000,0,2.02,153,2.02,133,REGULAR,REGULAR,MEMX,10241
DNN,20250717 09:30:44.698000,0,2.02,153,2.02,133,REGULAR,REGULAR,MEMX,10241
DNN,20250717 09:30:46.112000,0,2.02,153,2.02,133,REGULAR,REGULAR,MEMX,10241
DNN,20250717 09:30:46.112000,0,2.02,153,2.02,133,REGULAR,REGULAR,MEMX,10241
DNN,20250717 09:30:46.120000,0,2.02,153,2.02,112,REGULAR,REGULAR,MEMX,10247
DNN,20250717 09:30:47.625000,0,2.02,153,2.02,112,REGULAR,REGULAR,MEMX,10247
DNN,20250717 09:30:47.634000,0,2.02,153,2.02,112,REGULAR,REGULAR,MEMX,10247
DNN,20250717 09:30:49.061000,0,2.02,153,2.02,112,REGULAR,REGULAR,MEMX,10247
DNN,20250717 09:30:49.552000,0,2.02,153,2.02,112,REGULAR,REGULAR,MEMX,10247
DNN,20250717 09:30:49.560000,0,2.02,153,2.02,112,REGULAR,REGULAR,MEMX,10247
DNN,20250717 09:30:49.758000,0,2.02,153,2.02,112,REGULAR,REGULAR,MEMX,10247
DNN,20250717 09:30:49.767000,0,2.02,153,2.02,112,REGULAR,REGULAR,MEMX,10247
DNN,20250717 09:30:49.768000,0,2.02,153,2.02,112,REGULAR,REGULAR,MEMX,10247
DNN,20250717 09:30:50.841000,0,2.02,153,2.02,136,REGULAR,REGULAR,MEMX,10305
DNN,20250717 09:30:51.178000,0,2.02,228,2.02,111,REGULAR,REGULAR,MEMX,10305
DNN,20250717 09:30:51.180000,0,2.02,228,2.02,111,REGULAR,REGULAR,MEMX,10305
DNN,20250717 09:30:51.180000,0,2.02,228,2.02,111,REGULAR,REGULAR,MEMX,10305
DNN,20250717 09:30:51.182000,0,2.02,188,2.02,101,REGULAR,REGULAR,MEMX,10305
DNN,20250717 09:30:52.879000,0,2.02,188,2.02,60,REGULAR,REGULAR,MEMX,10313
DNN,20250717 09:30:52.944000,0,2.02,188,2.02,60,REGULAR,REGULAR,MEMX,10313
DNN,20250717 09:30:53.152000,0,2.02,189,2.04,162,REGULAR,REGULAR,PACF,10243
DNN,20250717 09:30:53.152000,0,2.02,189,2.04,162,REGULAR,REGULAR,PACF,10243
DNN,20250717 09:30:53.152000,0,2.02,189,2.04,162,REGULAR,REGULAR,PACF,10243
DNN,20250717 09:30:53.152000,0,2.02,189,2.04,162,REGULAR,REGULAR,PACF,10243
DNN,20250717 09:30:53.152000,0,2.02,189,2.04,162,REGULAR,REGULAR,PACF,10243
DNN,20250717 09:30:53.152000,0,2.02,189,2.04,162,REGULAR,REGULAR,PACF,10243
DNN,20250717 09:30:53.152000,0,2.02,189,2.04,162,REGULAR,REGULAR,PACF,10243
DNN,20250717 09:30:53.152000,0,2.02,189,2.04,162,REGULAR,REGULAR,PACF,10243
DNN,20250717 09:30:53.152000,0,2.02,189,2.04,162,REGULAR,REGULAR,PACF,10243
DNN,20250717 09:30:53.153000,0,2.02,172,2.04,162,REGULAR,REGULAR,NQEX,10243
DNN,20250717 09:30:53.863000,0,2.02,225,2.04,184,REGULAR,REGULAR,EDGX,10300
DNN,20250717 09:30:53.898000,0,2.02,225,2.04,184,REGULAR,REGULAR,EDGX,10300
DNN,20250717 09:30:54.311000,0,2.02,225,2.04,184,REGULAR,REGULAR,EDGX,10300
DNN,20250717 09:30:55.143000,0,2.02,285,2.04,184,REGULAR,REGULAR,EDGX,10300
DNN,20250717 09:30:57.532000,0,2.02,348,2.04,184,REGULAR,REGULAR,AMEX,10300
DNN,20250717 09:30:57.650000,0,2.02,348,2.04,184,REGULAR,REGULAR,AMEX,10300
DNN,20250717 09:31:00.017000,0,2.02,348,2.04,184,REGULAR,REGULAR,AMEX,10300
DNN,20250717 09:31:00.017000,0,2.02,348,2.04,184,REGULAR,REGULAR,AMEX,10300
DNN,20250717 09:31:00.017000,0,2.02,348,2.04,184,REGULAR,REGULAR,AMEX,10300
DNN,20250717 09:31:00.017000,0,2.02,348,2.04,184,REGULAR,REGULAR,AMEX,10300
DNN,20250717 09:31:00.018000,0,2.02,389,2.04,158,REGULAR,REGULAR,AMEX,10300
DNN,20250717 09:31:00.018000,0,2.02,389,2.04,158,REGULAR,REGULAR,AMEX,10300
DNN,20250717 09:31:00.018000,0,2.02,389,2.04,158,REGULAR,REGULAR,AMEX,10300
DNN,20250717 09:31:00.018000,0,2.02,389,2.04,158,REGULAR,REGULAR,AMEX,10300
DNN,20250717 09:31:00.018000,0,2.02,389,2.04,158,REGULAR,REGULAR,AMEX,10300
DNN,20250717 09:31:00.018000,0,2.02,389,2.04,158,REGULAR,REGULAR,AMEX,10300
DNN,20250717 09:31:00.018000,0,2.02,389,2.04,158,REGULAR,REGULAR,AMEX,10300
DNN,20250717 09:31:00.018000,0,2.02,389,2.04,158,REGULAR,REGULAR,AMEX,10300
DNN,20250717 09:31:00.018000,0,2.02,389,2.04,158,REGULAR,REGULAR,AMEX,10300
DNN,20250717 09:31:00.018000,0,2.02,389,2.04,158,REGULAR,REGULAR,AMEX,10300
DNN,20250717 09:31:00.018000,0,2.02,389,2.04,158,REGULAR,REGULAR,AMEX,10300
DNN,20250717 09:31:00.018000,0,2.02,389,2.04,158,REGULAR,REGULAR,AMEX,10300
DNN,20250717 09:31:00.018000,0,2.02,389,2.04,158,REGULAR,REGULAR,AMEX,10300
DNN,20250717 09:31:00.018000,0,2.02,389,2.04,158,REGULAR,REGULAR,AMEX,10300
DNN,20250717 09:31:00.019000,0,2.02,389,2.04,158,REGULAR,REGULAR,AMEX,10300
DNN,20250717 09:31:00.019000,0,2.02,389,2.04,158,REGULAR,REGULAR,AMEX,10300
DNN,20250717 09:31:00.020000,0,2.02,389,2.04,145,REGULAR,REGULAR,AMEX,10300
DNN,20250717 09:31:00.032000,0,2.02,425,2.04,30,REGULAR,REGULAR,AMEX,10257
DNN,20250717 09:31:00.348000,0,2.02,425,2.04,30,REGULAR,REGULAR,AMEX,10257
DNN,20250717 09:31:00.655000,0,2.02,425,2.04,30,REGULAR,REGULAR,AMEX,10257
DNN,20250717 09:31:01.032000,0,2.02,425,2.04,30,REGULAR,REGULAR,AMEX,10257
DNN,20250717 09:31:01.404000,0,2.02,425,2.04,30,REGULAR,REGULAR,AMEX,10257
DNN,20250717 09:31:02.589000,0,2.02,425,2.04,30,REGULAR,REGULAR,AMEX,10257
DNN,20250717 09:31:04.377000,0,2.02,425,2.04,50,REGULAR,REGULAR,AMEX,10243
DNN,20250717 09:31:04.418000,0,2.02,425,2.04,72,REGULAR,REGULAR,AMEX,10305
DNN,20250717 09:31:04.418000,0,2.02,425,2.04,72,REGULAR,REGULAR,AMEX,10305
DNN,20250717 09:31:05.390000,0,2.02,414,2.04,82,REGULAR,REGULAR,AMEX,10305
DNN,20250717 09:31:06.647000,0,2.02,414,2.04,82,REGULAR,REGULAR,AMEX,10305
DNN,20250717 09:31:06.650000,0,2.02,414,2.04,82,REGULAR,REGULAR,AMEX,10305
DNN,20250717 09:31:06.650000,0,2.02,414,2.04,82,REGULAR,REGULAR,AMEX,10305
DNN,20250717 09:31:06.651000,0,2.02,414,2.04,82,REGULAR,REGULAR,AMEX,10305
DNN,20250717 09:31:06.651000,0,2.02,414,2.04,82,REGULAR,REGULAR,AMEX,10305
DNN,20250717 09:31:06.651000,0,2.02,414,2.04,82,REGULAR,REGULAR,AMEX,10305
DNN,20250717 09:31:06.796000,0,2.02,414,2.04,72,REGULAR,REGULAR,AMEX,10305
DNN,20250717 09:31:06.796000,0,2.02,414,2.04,72,REGULAR,REGULAR,AMEX,10305
DNN,20250717 09:31:06.796000,0,2.02,414,2.04,72,REGULAR,REGULAR,AMEX,10305
DNN,20250717 09:31:06.796000,0,2.02,414,2.04,72,REGULAR,REGULAR,AMEX,10305
DNN,20250717 09:31:06.796000,0,2.02,414,2.04,72,REGULAR,REGULAR,AMEX,10305
DNN,20250717 09:31:06.796000,0,2.02,414,2.04,72,REGULAR,REGULAR,AMEX,10305
DNN,20250717 09:31:06.797000,0,2.02,414,2.04,72,REGULAR,REGULAR,AMEX,10305
DNN,20250717 09:31:06.797000,0,2.02,414,2.04,72,REGULAR,REGULAR,AMEX,10305
DNN,20250717 09:31:06.797000,0,2.02,414,2.04,72,REGULAR,REGULAR,AMEX,10305
DNN,20250717 09:31:06.797000,0,2.02,414,2.04,72,REGULAR,REGULAR,AMEX,10305
DNN,20250717 09:31:06.798000,0,2.02,414,2.04,72,REGULAR,REGULAR,AMEX,10305
DNN,20250717 09:31:06.798000,0,2.02,414,2.04,72,REGULAR,REGULAR,AMEX,10305
DNN,20250717 09:31:06.798000,0,2.02,414,2.04,72,REGULAR,REGULAR,AMEX,10305
DNN,20250717 09:31:06.972000,0,2.02,414,2.04,72,REGULAR,REGULAR,AMEX,10305
DNN,20250717 09:31:08.093000,0,2.02,414,2.04,72,REGULAR,REGULAR,AMEX,10305
DNN,20250717 09:31:11.548000,0,2.02,496,2.04,72,REGULAR,REGULAR,NQEX,10305
DNN,20250717 09:31:12.149000,0,2.04,282,2.04,207,REGULAR,REGULAR,PACF,10241
DNN,20250717 09:31:12.149000,0,2.04,282,2.04,207,REGULAR,REGULAR,PACF,10241
DNN,20250717 09:31:12.149000,0,2.04,282,2.04,207,REGULAR,REGULAR,PACF,10241
DNN,20250717 09:31:12.149000,0,2.04,282,2.04,207,REGULAR,REGULAR,PACF,10241
DNN,20250717 09:31:12.149000,0,2.04,282,2.04,207,REGULAR,REGULAR,PACF,10241
DNN,20250717 09:31:12.149000,0,2.04,282,2.04,207,REGULAR,REGULAR,PACF,10241
DNN,20250717 09:31:12.149000,0,2.04,282,2.04,207,REGULAR,REGULAR,PACF,10241
DNN,20250717 09:31:12.149000,0,2.04,282,2.04,207,REGULAR,REGULAR,PACF,10241
DNN,20250717 09:31:12.149000,0,2.04,282,2.04,207,REGULAR,REGULAR,PACF,10241
DNN,20250717 09:31:12.149000,0,2.04,282,2.04,207,REGULAR,REGULAR,PACF,10241
DNN,20250717 09:31:12.149000,0,2.04,282,2.04,207,REGULAR,REGULAR,PACF,10241
DNN,20250717 09:31:12.149000,0,2.04,282,2.04,207,REGULAR,REGULAR,PACF,10241
DNN,20250717 09:31:12.149000,0,2.04,282,2.04,207,REGULAR,REGULAR,PACF,10241
DNN,20250717 09:31:12.149000,0,2.04,282,2.04,207,REGULAR,REGULAR,PACF,10241
DNN,20250717 09:31:12.150000,0,2.04,206,2.04,207,REGULAR,REGULAR,PACF,10241
DNN,20250717 09:31:12.150000,0,2.04,206,2.04,207,REGULAR,REGULAR,PACF,10241
DNN,20250717 09:31:12.150000,0,2.04,206,2.04,207,REGULAR,REGULAR,PACF,10241
DNN,20250717 09:31:12.669000,0,2.04,207,2.04,104,REGULAR,REGULAR,PACF,10244
DNN,20250717 09:31:12.669000,0,2.04,207,2.04,104,REGULAR,REGULAR,PACF,10244
DNN,20250717 09:31:12.672000,0,2.04,207,2.04,104,REGULAR,REGULAR,PACF,10244
DNN,20250717 09:31:12.672000,0,2.04,207,2.04,104,REGULAR,REGULAR,PACF,10244
DNN,20250717 09:31:12.676000,0,2.04,207,2.04,104,REGULAR,REGULAR,PACF,10244
DNN,20250717 09:31:14.140000,0,2.04,207,2.04,104,REGULAR,REGULAR,PACF,10244
DNN,20250717 09:31:14.907000,0,2.04,207,2.04,104,REGULAR,REGULAR,PACF,10244
DNN,20250717 09:31:14.909000,0,2.04,207,2.04,104,REGULAR,REGULAR,PACF,10244
DNN,20250717 09:31:15.069000,0,2.04,207,2.04,104,REGULAR,REGULAR,PACF,10244
DNN,20250717 09:31:15.071000,0,2.04,207,2.04,104,REGULAR,REGULAR,PACF,10244
DNN,20250717 09:31:15.241000,0,2.04,207,2.04,104,REGULAR,REGULAR,PACF,10244
DNN,20250717 09:31:15.244000,0,2.04,207,2.04,104,REGULAR,REGULAR,PACF,10244
DNN,20250717 09:31:15.244000,0,2.04,207,2.04,104,REGULAR,REGULAR,PACF,10244
DNN,20250717 09:31:16.591000,0,2.04,168,2.04,104,REGULAR,REGULAR,PACF,10244
DNN,20250717 09:31:17.255000,0,2.04,229,2.04,104,REGULAR,REGULAR,NQEX,10244
DNN,20250717 09:31:17.256000,0,2.04,229,2.04,104,REGULAR,REGULAR,NQEX,10244
DNN,20250717 09:31:17.640000,0,2.04,183,2.04,104,REGULAR,REGULAR,NQEX,10244
DNN,20250717 09:31:21.510000,0,2.04,233,2.04,104,REGULAR,REGULAR,NQEX,10244
DNN,20250717 09:31:22.666000,0,2.04,278,2.04,102,REGULAR,REGULAR,NQEX,10244
DNN,20250717 09:31:23.103000,0,2.04,278,2.04,102,REGULAR,REGULAR,NQEX,10244
DNN,20250717 09:31:24.196000,0,2.04,278,2.04,96,REGULAR,REGULAR,NQEX,10244
DNN,20250717 09:31:26.158000,0,2.04,278,2.04,110,REGULAR,REGULAR,NQEX,10244
DNN,20250717 09:31:26.291000,0,2.04,278,2.04,120,REGULAR,REGULAR,NQEX,10308
DNN,20250717 09:31:26.291000,0,2.04,278,2.04,120,REGULAR,REGULAR,NQEX,10308
DNN,20250717 09:31:26.292000,0,2.04,278,2.04,120,REGULAR,REGULAR,NQEX,10308
DNN,20250717 09:31:27.344000,0,2.04,227,2.04,74,REGULAR,REGULAR,PACF,10308
DNN,20250717 09:31:27.344000,0,2.04,227,2.04,74,REGULAR,REGULAR,PACF,10308
DNN,20250717 09:31:27.344000,0,2.04,227,2.04,74,REGULAR,REGULAR,PACF,10308
DNN,20250717 09:31:27.344000,0,2.04,227,2.04,74,REGULAR,REGULAR,PACF,10308
DNN,20250717 09:31:27.344000,0,2.04,227,2.04,74,REGULAR,REGULAR,PACF,10308
DNN,20250717 09:31:27.344000,0,2.04,227,2.04,74,REGULAR,REGULAR,PACF,10308
DNN,20250717 09:31:27.344000,0,2.04,227,2.04,74,REGULAR,REGULAR,PACF,10308
DNN,20250717 09:31:27.344000,0,2.04,227,2.04,74,REGULAR,REGULAR,PACF,10308
DNN,20250717 09:31:27.344000,0,2.04,227,2.04,74,REGULAR,REGULAR,PACF,10308
DNN,20250717 09:31:27.344000,0,2.04,227,2.04,74,REGULAR,REGULAR,PACF,10308
DNN,20250717 09:31:27.344000,0,2.04,227,2.04,74,REGULAR,REGULAR,PACF,10308
DNN,20250717 09:31:27.344000,0,2.04,227,2.04,74,REGULAR,REGULAR,PACF,10308
DNN,20250717 09:31:27.344000,0,2.04,227,2.04,74,REGULAR,REGULAR,PACF,10308
DNN,20250717 09:31:27.344000,0,2.04,227,2.04,74,REGULAR,REGULAR,PACF,10308
DNN,20250717 09:31:27.344000,0,2.04,227,2.04,74,REGULAR,REGULAR,PACF,10308
DNN,20250717 09:31:27.344000,0,2.04,227,2.04,74,REGULAR,REGULAR,PACF,10308
DNN,20250717 09:31:27.344000,0,2.04,227,2.04,74,REGULAR,REGULAR,PACF,10308
DNN,20250717 09:31:27.344000,0,2.04,227,2.04,74,REGULAR,REGULAR,PACF,10308
DNN,20250717 09:31:27.344000,0,2.04,227,2.04,74,REGULAR,REGULAR,PACF,10308
DNN,20250717 09:31:27.344000,0,2.04,227,2.04,74,REGULAR,REGULAR,PACF,10308
DNN,20250717 09:31:27.344000,0,2.04,227,2.04,74,REGULAR,REGULAR,PACF,10308
DNN,20250717 09:31:27.344000,0,2.04,227,2.04,74,REGULAR,REGULAR,PACF,10308
DNN,20250717 09:31:27.344000,0,2.04,227,2.04,74,REGULAR,REGULAR,PACF,10308
DNN,20250717 09:31:27.344000,0,2.04,227,2.04,74,REGULAR,REGULAR,PACF,10308
DNN,20250717 09:31:27.344000,0,2.04,227,2.04,74,REGULAR,REGULAR,PACF,10308
DNN,20250717 09:31:27.344000,0,2.04,227,2.04,74,REGULAR,REGULAR,PACF,10308
DNN,20250717 09:31:27.344000,0,2.04,227,2.04,74,REGULAR,REGULAR,PACF,10308
DNN,20250717 09:31:27.344000,0,2.04,227,2.04,74,REGULAR,REGULAR,PACF,10308
DNN,20250717 09:31:27.344000,0,2.04,227,2.04,74,REGULAR,REGULAR,PACF,10308
DNN,20250717 09:31:27.344000,0,2.04,227,2.04,74,REGULAR,REGULAR,PACF,10308
DNN,20250717 09:31:27.344000,0,2.04,227,2.04,74,REGULAR,REGULAR,PACF,10308
DNN,20250717 09:31:27.344000,0,2.04,227,2.04,74,REGULAR,REGULAR,PACF,10308
DNN,20250717 09:31:27.344000,0,2.04,227,2.04,74,REGULAR,REGULAR,PACF,10308
DNN,20250717 09:31:27.345000,0,2.04,341,2.06,246,REGULAR,REGULAR,BATS,10300
DNN,20250717 09:31:27.345000,0,2.04,341,2.06,246,REGULAR,REGULAR,BATS,10300
DNN,20250717 09:31:27.345000,0,2.04,341,2.06,246,REGULAR,REGULAR,BATS,10300
DNN,20250717 09:31:27.345000,0,2.04,341,2.06,246,REGULAR,REGULAR,BATS,10300
DNN,20250717 09:31:27.349000,0,2.04,285,2.06,246,REGULAR,REGULAR,BATS,10300
DNN,20250717 09:31:27.352000,0,2.04,331,2.06,246,REGULAR,REGULAR,BATS,10300
DNN,20250717 09:31:28.014000,0,2.04,243,2.06,229,REGULAR,REGULAR,IEX,10300
DNN,20250717 09:31:29.709000,0,2.04,199,2.06,249,REGULAR,REGULAR,PACF,10300
DNN,20250717 09:31:30.939000,0,2.04,199,2.06,249,REGULAR,REGULAR,PACF,10300
DNN,20250717 09:31:31.731000,0,2.04,207,2.06,249,REGULAR,REGULAR,NQEX,10300
DNN,20250717 09:31:34.882000,0,2.04,255,2.06,249,REGULAR,REGULAR,NQEX,10300
DNN,20250717 09:31:34.883000,0,2.04,255,2.06,249,REGULAR,REGULAR,NQEX,10300
DNN,20250717 09:31:35.157000,0,2.04,256,2.06,311,REGULAR,REGULAR,NQEX,10241
DNN,20250717 09:31:35.157000,0,2.04,256,2.06,311,REGULAR,REGULAR,NQEX,10241
DNN,20250717 09:31:35.157000,0,2.04,256,2.06,311,REGULAR,REGULAR,NQEX,10241
DNN,20250717 09:31:35.157000,0,2.04,256,2.06,311,REGULAR,REGULAR,NQEX,10241
DNN,20250717 09:31:35.157000,0,2.04,256,2.06,311,REGULAR,REGULAR,NQEX,10241
DNN,20250717 09:31:35.157000,0,2.04,256,2.06,311,REGULAR,REGULAR,NQEX,10241
DNN,20250717 09:31:36.267000,0,2.04,256,2.06,249,REGULAR,REGULAR,NQEX,10300
DNN,20250717 09:31:36.268000,0,2.04,293,2.04,490,REGULAR,REGULAR,NQEX,10241
DNN,20250717 09:31:36.268000,0,2.04,293,2.04,490,REGULAR,REGULAR,NQEX,10241
DNN,20250717 09:31:36.268000,0,2.04,293,2.04,490,REGULAR,REGULAR,NQEX,10241
DNN,20250717 09:31:36.268000,0,2.04,293,2.04,490,REGULAR,REGULAR,NQEX,10241
DNN,20250717 09:31:36.268000,0,2.04,293,2.04,490,REGULAR,REGULAR,NQEX,10241
DNN,20250717 09:31:36.268000,0,2.04,293,2.04,490,REGULAR,REGULAR,NQEX,10241
DNN,20250717 09:31:36.268000,0,2.04,293,2.04,490,REGULAR,REGULAR,NQEX,10241
DNN,20250717 09:31:36.268000,0,2.04,293,2.04,490,REGULAR,REGULAR,NQEX,10241
DNN,20250717 09:31:36.268000,0,2.04,293,2.04,490,REGULAR,REGULAR,NQEX,10241
DNN,20250717 09:31:36.268000,0,2.04,293,2.04,490,REGULAR,REGULAR,NQEX,10241
DNN,20250717 09:31:36.268000,0,2.04,293,2.04,490,REGULAR,REGULAR,NQEX,10241
DNN,20250717 09:31:36.268000,0,2.04,293,2.04,490,REGULAR,REGULAR,NQEX,10241
DNN,20250717 09:31:36.268000,0,2.04,293,2.04,490,REGULAR,REGULAR,NQEX,10241
DNN,20250717 09:31:36.268000,0,2.04,293,2.04,490,REGULAR,REGULAR,NQEX,10241
DNN,20250717 09:31:36.268000,0,2.04,293,2.04,490,REGULAR,REGULAR,NQEX,10241
DNN,20250717 09:31:36.268000,0,2.04,293,2.04,490,REGULAR,REGULAR,NQEX,10241
DNN,20250717 09:31:36.268000,0,2.04,293,2.04,490,REGULAR,REGULAR,NQEX,10241
DNN,20250717 09:31:36.268000,0,2.04,293,2.04,490,REGULAR,REGULAR,NQEX,10241
DNN,20250717 09:31:36.268000,0,2.04,293,2.04,490,REGULAR,REGULAR,NQEX,10241
DNN,20250717 09:31:36.268000,0,2.04,293,2.04,490,REGULAR,REGULAR,NQEX,10241
DNN,20250717 09:31:36.268000,0,2.04,293,2.04,490,REGULAR,REGULAR,NQEX,10241
DNN,20250717 09:31:36.268000,0,2.04,293,2.04,490,REGULAR,REGULAR,NQEX,10241
DNN,20250717 09:31:36.268000,0,2.04,293,2.04,490,REGULAR,REGULAR,NQEX,10241
DNN,20250717 09:31:36.268000,0,2.04,293,2.04,490,REGULAR,REGULAR,NQEX,10241
DNN,20250717 09:31:36.268000,0,2.04,293,2.04,490,REGULAR,REGULAR,NQEX,10241
DNN,20250717 09:31:36.268000,0,2.04,293,2.04,490,REGULAR,REGULAR,NQEX,10241
DNN,20250717 09:31:36.268000,0,2.04,293,2.04,490,REGULAR,REGULAR,NQEX,10241
DNN,20250717 09:31:36.268000,0,2.04,293,2.04,490,REGULAR,REGULAR,NQEX,10241
DNN,20250717 09:31:36.268000,0,2.04,293,2.04,490,REGULAR,REGULAR,NQEX,10241
DNN,20250717 09:31:36.268000,0,2.04,293,2.04,490,REGULAR,REGULAR,NQEX,10241
DNN,20250717 09:31:36.268000,0,2.04,293,2.04,490,REGULAR,REGULAR,NQEX,10241
DNN,20250717 09:31:36.268000,0,2.04,293,2.04,490,REGULAR,REGULAR,NQEX,10241
DNN,20250717 09:31:36.268000,0,2.04,293,2.04,490,REGULAR,REGULAR,NQEX,10241
DNN,20250717 09:31:36.268000,0,2.04,293,2.04,490,REGULAR,REGULAR,NQEX,10241
DNN,20250717 09:31:36.268000,0,2.04,293,2.04,490,REGULAR,REGULAR,NQEX,10241
DNN,20250717 09:31:36.268000,0,2.04,293,2.04,490,REGULAR,REGULAR,NQEX,10241
DNN,20250717 09:31:36.268000,0,2.04,293,2.04,490,REGULAR,REGULAR,NQEX,10241
DNN,20250717 09:31:36.268000,0,2.04,293,2.04,490,REGULAR,REGULAR,NQEX,10241
DNN,20250717 09:31:36.268000,0,2.04,293,2.04,490,REGULAR,REGULAR,NQEX,10241
DNN,20250717 09:31:36.268000,0,2.04,293,2.04,490,REGULAR,REGULAR,NQEX,10241
DNN,20250717 09:31:36.271000,0,2.04,293,2.04,420,REGULAR,REGULAR,NQEX,10241
DNN,20250717 09:31:36.276000,0,2.04,121,2.04,494,REGULAR,REGULAR,MEMX,10241
DNN,20250717 09:31:36.276000,0,2.04,121,2.04,494,REGULAR,REGULAR,MEMX,10241
DNN,20250717 09:31:36.820000,0,2.04,90,2.04,450,REGULAR,REGULAR,NQEX,10241
DNN,20250717 09:31:36.947000,0,2.04,90,2.04,450,REGULAR,REGULAR,NQEX,10241
DNN,20250717 09:31:37.004000,0,2.04,90,2.04,450,REGULAR,REGULAR,NQEX,10241
DNN,20250717 09:31:37.952000,0,2.04,385,2.04,450,REGULAR,REGULAR,AMEX,10241
DNN,20250717 09:31:39.852000,0,2.04,385,2.04,450,REGULAR,REGULAR,AMEX,10241
DNN,20250717 09:31:40.064000,0,2.04,385,2.04,450,REGULAR,REGULAR,AMEX,10241
DNN,20250717 09:31:40.792000,0,2.04,385,2.04,452,REGULAR,REGULAR,AMEX,10241
DNN,20250717 09:31:43.850000,0,2.04,385,2.04,452,REGULAR,REGULAR,AMEX,10241
DNN,20250717 09:31:44.499000,0,2.04,385,2.04,452,REGULAR,REGULAR,AMEX,10241
DNN,20250717 09:31:44.499000,0,2.04,385,2.04,452,REGULAR,REGULAR,AMEX,10241
DNN,20250717 09:31:44.689000,0,2.04,385,2.04,452,REGULAR,REGULAR,AMEX,10241
DNN,20250717 09:31:47.883000,0,2.04,385,2.04,382,REGULAR,REGULAR,AMEX,10241
DNN,20250717 09:31:47.884000,0,2.04,385,2.04,382,REGULAR,REGULAR,AMEX,10241
DNN,20250717 09:31:55.457000,0,2.04,385,2.04,382,REGULAR,REGULAR,AMEX,10241
DNN,20250717 09:32:00.156000,0,2.04,384,2.04,382,REGULAR,REGULAR,AMEX,10241
DNN,20250717 09:32:00.158000,0,2.04,384,2.04,382,REGULAR,REGULAR,AMEX,10241
DNN,20250717 09:32:01.416000,0,2.04,384,2.04,382,REGULAR,REGULAR,AMEX,10241
DNN,20250717 09:32:06.470000,0,2.04,384,2.04,382,REGULAR,REGULAR,AMEX,10241
DNN,20250717 09:32:06.760000,0,2.04,384,2.04,382,REGULAR,REGULAR,AMEX,10241
DNN,20250717 09:32:07.583000,0,2.04,384,2.04,151,REGULAR,REGULAR,AMEX,10308
DNN,20250717 09:32:07.583000,0,2.04,384,2.04,151,REGULAR,REGULAR,AMEX,10308
DNN,20250717 09:32:07.739000,0,2.04,387,2.04,99,REGULAR,REGULAR,AMEX,10300
DNN,20250717 09:32:08.140000,0,2.04,417,2.04,99,REGULAR,REGULAR,AMEX,10300
DNN,20250717 09:32:09.972000,0,2.04,435,2.04,99,REGULAR,REGULAR,AMEX,10300
DNN,20250717 09:32:10.156000,0,2.04,296,2.06,202,REGULAR,REGULAR,NQEX,10241
DNN,20250717 09:32:10.156000,0,2.04,296,2.06,202,REGULAR,REGULAR,NQEX,10241
DNN,20250717 09:32:10.156000,0,2.04,296,2.06,202,REGULAR,REGULAR,NQEX,10241
DNN,20250717 09:32:10.156000,0,2.04,296,2.06,202,REGULAR,REGULAR,NQEX,10241
DNN,20250717 09:32:10.156000,0,2.04,296,2.06,202,REGULAR,REGULAR,NQEX,10241
DNN,20250717 09:32:10.156000,0,2.04,296,2.06,202,REGULAR,REGULAR,NQEX,10241
DNN,20250717 09:32:10.156000,0,2.04,296,2.06,202,REGULAR,REGULAR,NQEX,10241
DNN,20250717 09:32:10.156000,0,2.04,296,2.06,202,REGULAR,REGULAR,NQEX,10241
DNN,20250717 09:32:10.156000,0,2.04,296,2.06,202,REGULAR,REGULAR,NQEX,10241
DNN,20250717 09:32:10.156000,0,2.04,296,2.06,202,REGULAR,REGULAR,NQEX,10241
DNN,20250717 09:32:10.156000,0,2.04,296,2.06,202,REGULAR,REGULAR,NQEX,10241
DNN,20250717 09:32:10.156000,0,2.04,296,2.06,202,REGULAR,REGULAR,NQEX,10241
DNN,20250717 09:32:10.156000,0,2.04,296,2.06,202,REGULAR,REGULAR,NQEX,10241
DNN,20250717 09:32:10.156000,0,2.04,296,2.06,202,REGULAR,REGULAR,NQEX,10241
DNN,20250717 09:32:10.156000,0,2.04,296,2.06,202,REGULAR,REGULAR,NQEX,10241
DNN,20250717 09:32:10.156000,0,2.04,296,2.06,202,REGULAR,REGULAR,NQEX,10241
DNN,20250717 09:32:10.156000,0,2.04,296,2.06,202,REGULAR,REGULAR,NQEX,10241
DNN,20250717 09:32:10.156000,0,2.04,296,2.06,202,REGULAR,REGULAR,NQEX,10241
DNN,20250717 09:32:10.156000,0,2.04,296,2.06,202,REGULAR,REGULAR,NQEX,10241
DNN,20250717 09:32:10.156000,0,2.04,296,2.06,202,REGULAR,REGULAR,NQEX,10241
DNN,20250717 09:32:10.156000,0,2.04,296,2.06,202,REGULAR,REGULAR,NQEX,10241
DNN,20250717 09:32:10.156000,0,2.04,296,2.06,202,REGULAR,REGULAR,NQEX,10241
DNN,20250717 09:32:10.156000,0,2.04,296,2.06,202,REGULAR,REGULAR,NQEX,10241
DNN,20250717 09:32:10.157000,0,2.04,325,2.06,202,REGULAR,REGULAR,IEX,10241
DNN,20250717 09:32:10.445000,0,2.04,317,2.06,78,REGULAR,REGULAR,BATS,10313
DNN,20250717 09:32:12.252000,0,2.04,299,2.06,78,REGULAR,REGULAR,BATS,10241
DNN,20250717 09:32:12.776000,0,2.04,270,2.06,78,REGULAR,REGULAR,IEX,10313
DNN,20250717 09:32:12.813000,0,2.04,270,2.06,78,REGULAR,REGULAR,IEX,10313
DNN,20250717 09:32:12.831000,0,2.04,270,2.06,78,REGULAR,REGULAR,IEX,10313
DNN,20250717 09:32:12.881000,0,2.04,270,2.06,78,REGULAR,REGULAR,IEX,10313
DNN,20250717 09:32:13.620000,0,2.04,270,2.06,78,REGULAR,REGULAR,IEX,10313
DNN,20250717 09:32:14.348000,0,2.04,270,2.06,119,REGULAR,REGULAR,IEX,10300
DNN,20250717 09:32:16.216000,0,2.04,270,2.06,118,REGULAR,REGULAR,IEX,10247
DNN,20250717 09:32:16.216000,0,2.04,270,2.06,118,REGULAR,REGULAR,IEX,10247
DNN,20250717 09:32:16.868000,0,2.04,270,2.06,118,REGULAR,REGULAR,IEX,10247
DNN,20250717 09:32:16.869000,0,2.04,270,2.06,118,REGULAR,REGULAR,IEX,10247
DNN,20250717 09:32:16.869000,0,2.04,270,2.06,118,REGULAR,REGULAR,IEX,10247
DNN,20250717 09:32:16.869000,0,2.04,270,2.06,118,REGULAR,REGULAR,IEX,10247
DNN,20250717 09:32:16.869000,0,2.04,270,2.06,118,REGULAR,REGULAR,IEX,10247
DNN,20250717 09:32:16.871000,0,2.04,270,2.06,118,REGULAR,REGULAR,IEX,10247
DNN,20250717 09:32:16.871000,0,2.04,270,2.06,118,REGULAR,REGULAR,IEX,10247
DNN,20250717 09:32:16.871000,0,2.04,270,2.06,118,REGULAR,REGULAR,IEX,10247
DNN,20250717 09:32:16.871000,0,2.04,270,2.06,118,REGULAR,REGULAR,IEX,10247
DNN,20250717 09:32:16.871000,0,2.04,270,2.06,118,REGULAR,REGULAR,IEX,10247
DNN,20250717 09:32:16.872000,0,2.04,270,2.06,118,REGULAR,REGULAR,IEX,10247
DNN,20250717 09:32:16.872000,0,2.04,270,2.06,118,REGULAR,REGULAR,IEX,10247
DNN,20250717 09:32:23.419000,0,2.04,317,2.06,78,REGULAR,REGULAR,BATS,10313
DNN,20250717 09:32:23.420000,0,2.04,317,2.06,78,REGULAR,REGULAR,BATS,10313
DNN,20250717 09:32:26.170000,0,2.04,287,2.06,230,REGULAR,REGULAR,IEX,10300
DNN,20250717 09:32:26.171000,0,2.04,287,2.06,230,REGULAR,REGULAR,IEX,10300
DNN,20250717 09:32:26.171000,0,2.04,287,2.06,230,REGULAR,REGULAR,IEX,10300
DNN,20250717 09:32:26.174000,0,2.04,287,2.06,230,REGULAR,REGULAR,IEX,10300
DNN,20250717 09:32:26.174000,0,2.04,287,2.06,230,REGULAR,REGULAR,IEX,10300
DNN,20250717 09:32:26.174000,0,2.04,287,2.06,230,REGULAR,REGULAR,IEX,10300
DNN,20250717 09:32:26.174000,0,2.04,287,2.06,230,REGULAR,REGULAR,IEX,10300
DNN,20250717 09:32:26.174000,0,2.04,287,2.06,230,REGULAR,REGULAR,IEX,10300
DNN,20250717 09:32:26.176000,0,2.04,295,2.06,216,REGULAR,REGULAR,IEX,10300
DNN,20250717 09:32:26.179000,0,2.04,295,2.06,216,REGULAR,REGULAR,IEX,10300
DNN,20250717 09:32:26.975000,0,2.04,295,2.06,216,REGULAR,REGULAR,IEX,10300
DNN,20250717 09:32:34.656000,0,2.04,295,2.06,140,REGULAR,REGULAR,IEX,10300
DNN,20250717 09:32:35.601000,0,2.04,295,2.06,189,REGULAR,REGULAR,IEX,10300
DNN,20250717 09:32:36.240000,0,2.04,295,2.06,154,REGULAR,REGULAR,IEX,10300
DNN,20250717 09:32:36.496000,0,2.04,295,2.06,154,REGULAR,REGULAR,IEX,10300
DNN,20250717 09:32:36.618000,0,2.04,295,2.06,154,REGULAR,REGULAR,IEX,10300
DNN,20250717 09:32:36.618000,0,2.04,295,2.06,154,REGULAR,REGULAR,IEX,10300
DNN,20250717 09:32:36.618000,0,2.04,295,2.06,154,REGULAR,REGULAR,IEX,10300
DNN,20250717 09:32:36.618000,0,2.04,295,2.06,154,REGULAR,REGULAR,IEX,10300
DNN,20250717 09:32:36.619000,0,2.04,358,2.06,120,REGULAR,REGULAR,IEX,10241
DNN,20250717 09:32:36.619000,0,2.04,358,2.06,120,REGULAR,REGULAR,IEX,10241
DNN,20250717 09:32:36.619000,0,2.04,358,2.06,120,REGULAR,REGULAR,IEX,10241
DNN,20250717 09:32:36.619000,0,2.04,358,2.06,120,REGULAR,REGULAR,IEX,10241
DNN,20250717 09:32:36.619000,0,2.04,358,2.06,120,REGULAR,REGULAR,IEX,10241
DNN,20250717 09:32:36.619000,0,2.04,358,2.06,120,REGULAR,REGULAR,IEX,10241
DNN,20250717 09:32:36.619000,0,2.04,358,2.06,120,REGULAR,REGULAR,IEX,10241
DNN,20250717 09:32:36.719000,0,2.04,295,2.06,117,REGULAR,REGULAR,IEX,10308
DNN,20250717 09:32:36.719000,0,2.04,295,2.06,117,REGULAR,REGULAR,IEX,10308
DNN,20250717 09:32:36.719000,0,2.04,295,2.06,117,REGULAR,REGULAR,IEX,10308
DNN,20250717 09:32:36.719000,0,2.04,295,2.06,117,REGULAR,REGULAR,IEX,10308
DNN,20250717 09:32:37.652000,0,2.04,295,2.06,115,REGULAR,REGULAR,IEX,10241
DNN,20250717 09:32:37.652000,0,2.04,295,2.06,115,REGULAR,REGULAR,IEX,10241
DNN,20250717 09:32:37.652000,0,2.04,295,2.06,115,REGULAR,REGULAR,IEX,10241
DNN,20250717 09:32:37.652000,0,2.04,295,2.06,115,REGULAR,REGULAR,IEX,10241
DNN,20250717 09:32:37.652000,0,2.04,295,2.06,115,REGULAR,REGULAR,IEX,10241
DNN,20250717 09:32:38.673000,0,2.04,295,2.06,78,REGULAR,REGULAR,IEX,10313
DNN,20250717 09:32:38.673000,0,2.04,295,2.06,78,REGULAR,REGULAR,IEX,10313
DNN,20250717 09:32:38.673000,0,2.04,295,2.06,78,REGULAR,REGULAR,IEX,10313
DNN,20250717 09:32:38.673000,0,2.04,295,2.06,78,REGULAR,REGULAR,IEX,10313
DNN,20250717 09:32:38.673000,0,2.04,295,2.06,78,REGULAR,REGULAR,IEX,10313
DNN,20250717 09:32:38.673000,0,2.04,295,2.06,78,REGULAR,REGULAR,IEX,10313
DNN,20250717 09:32:38.673000,0,2.04,295,2.06,78,REGULAR,REGULAR,IEX,10313
DNN,20250717 09:32:38.673000,0,2.04,295,2.06,78,REGULAR,REGULAR,IEX,10313
DNN,20250717 09:32:38.674000,0,2.04,295,2.06,78,REGULAR,REGULAR,IEX,10313
DNN,20250717 09:32:39.694000,0,2.04,295,2.06,79,REGULAR,REGULAR,IEX,10308
DNN,20250717 09:32:39.694000,0,2.04,295,2.06,79,REGULAR,REGULAR,IEX,10308
DNN,20250717 09:32:39.694000,0,2.04,295,2.06,79,REGULAR,REGULAR,IEX,10308
DNN,20250717 09:32:39.694000,0,2.04,295,2.06,79,REGULAR,REGULAR,IEX,10308
DNN,20250717 09:32:40.152000,0,2.04,295,2.06,79,REGULAR,REGULAR,IEX,10308
DNN,20250717 09:32:40.159000,0,2.04,295,2.06,78,REGULAR,REGULAR,IEX,10313
DNN,20250717 09:32:40.397000,0,2.04,295,2.06,78,REGULAR,REGULAR,IEX,10313
DNN,20250717 09:32:40.533000,0,2.04,295,2.06,78,REGULAR,REGULAR,IEX,10313
DNN,20250717 09:32:40.534000,0,2.04,485,2.06,40,REGULAR,REGULAR,NQEX,10257
DNN,20250717 09:32:40.534000,0,2.04,485,2.06,40,REGULAR,REGULAR,NQEX,10257
DNN,20250717 09:32:40.534000,0,2.04,485,2.06,40,REGULAR,REGULAR,NQEX,10257
DNN,20250717 09:32:40.534000,0,2.04,485,2.06,40,REGULAR,REGULAR,NQEX,10257
DNN,20250717 09:32:40.534000,0,2.04,485,2.06,40,REGULAR,REGULAR,NQEX,10257
DNN,20250717 09:32:40.534000,0,2.04,485,2.06,40,REGULAR,REGULAR,NQEX,10257
DNN,20250717 09:32:40.534000,0,2.04,485,2.06,40,REGULAR,REGULAR,NQEX,10257
DNN,20250717 09:32:40.534000,0,2.04,485,2.06,40,REGULAR,REGULAR,NQEX,10257
DNN,20250717 09:32:40.534000,0,2.04,485,2.06,40,REGULAR,REGULAR,NQEX,10257
DNN,20250717 09:32:40.907000,0,2.04,295,2.06,40,REGULAR,REGULAR,IEX,10257
DNN,20250717 09:32:40.953000,0,2.04,399,2.06,40,REGULAR,REGULAR,BATS,10257
DNN,20250717 09:32:41.335000,0,2.04,304,2.06,40,REGULAR,REGULAR,BATS,10257
DNN,20250717 09:32:41.372000,0,2.04,304,2.06,32,REGULAR,REGULAR,BATS,10257
DNN,20250717 09:32:41.662000,0,2.04,295,2.06,32,REGULAR,REGULAR,IEX,10257
DNN,20250717 09:32:41.663000,0,2.04,295,2.06,32,REGULAR,REGULAR,IEX,10257
DNN,20250717 09:32:41.663000,0,2.04,295,2.06,32,REGULAR,REGULAR,IEX,10257
DNN,20250717 09:32:41.663000,0,2.04,295,2.06,32,REGULAR,REGULAR,IEX,10257
DNN,20250717 09:32:41.663000,0,2.04,295,2.06,32,REGULAR,REGULAR,IEX,10257
DNN,20250717 09:32:41.664000,0,2.04,295,2.06,32,REGULAR,REGULAR,IEX,10257
DNN,20250717 09:32:41.664000,0,2.04,295,2.06,32,REGULAR,REGULAR,IEX,10257
DNN,20250717 09:32:41.664000,0,2.04,295,2.06,32,REGULAR,REGULAR,IEX,10257
DNN,20250717 09:32:41.664000,0,2.04,295,2.06,32,REGULAR,REGULAR,IEX,10257
DNN,20250717 09:32:41.664000,0,2.04,295,2.06,32,REGULAR,REGULAR,IEX,10257
DNN,20250717 09:32:41.665000,0,2.04,295,2.06,32,REGULAR,REGULAR,IEX,10257
DNN,20250717 09:32:41.665000,0,2.04,295,2.06,32,REGULAR,REGULAR,IEX,10257
DNN,20250717 09:32:41.665000,0,2.04,295,2.06,32,REGULAR,REGULAR,IEX,10257
DNN,20250717 09:32:41.665000,0,2.04,295,2.06,32,REGULAR,REGULAR,IEX,10257
DNN,20250717 09:32:41.666000,0,2.04,295,2.06,32,REGULAR,REGULAR,IEX,10257
DNN,20250717 09:32:41.666000,0,2.04,295,2.06,32,REGULAR,REGULAR,IEX,10257
DNN,20250717 09:32:41.793000,0,2.04,295,2.06,25,REGULAR,REGULAR,IEX,10257
DNN,20250717 09:32:42.141000,0,2.04,295,2.06,25,REGULAR,REGULAR,IEX,10257
DNN,20250717 09:32:42.213000,0,2.04,295,2.06,20,REGULAR,REGULAR,IEX,10257
DNN,20250717 09:32:42.633000,0,2.04,295,2.06,16,REGULAR,REGULAR,IEX,10257
DNN,20250717 09:32:42.837000,0,2.04,295,2.06,16,REGULAR,REGULAR,IEX,10257
DNN,20250717 09:32:43.053000,0,2.04,295,2.06,13,REGULAR,REGULAR,IEX,10257
DNN,20250717 09:32:43.443000,0,2.04,295,2.06,13,REGULAR,REGULAR,IEX,10257
DNN,20250717 09:32:43.474000,0,2.04,295,2.06,13,REGULAR,REGULAR,IEX,10257
DNN,20250717 09:32:43.723000,0,2.04,295,2.06,13,REGULAR,REGULAR,IEX,10257
DNN,20250717 09:32:44.134000,0,2.04,295,2.06,13,REGULAR,REGULAR,IEX,10257
DNN,20250717 09:32:44.428000,0,2.04,295,2.06,13,REGULAR,REGULAR,IEX,10257
DNN,20250717 09:32:44.501000,0,2.04,295,2.06,13,REGULAR,REGULAR,IEX,10257
DNN,20250717 09:32:44.579000,0,2.04,295,2.06,13,REGULAR,REGULAR,IEX,10257
DNN,20250717 09:32:44.973000,0,2.04,295,2.06,13,REGULAR,REGULAR,IEX,10257
DNN,20250717 09:32:45.393000,0,2.04,295,2.06,13,REGULAR,REGULAR,IEX,10257
DNN,20250717 09:32:45.647000,0,2.04,295,2.06,13,REGULAR,REGULAR,IEX,10257
DNN,20250717 09:32:45.814000,0,2.04,295,2.06,13,REGULAR,REGULAR,IEX,10257
DNN,20250717 09:32:46.217000,0,2.04,295,2.06,13,REGULAR,REGULAR,IEX,10257
DNN,20250717 09:32:46.233000,0,2.04,295,2.06,13,REGULAR,REGULAR,IEX,10257
DNN,20250717 09:32:46.383000,0,2.04,295,2.06,13,REGULAR,REGULAR,IEX,10257
DNN,20250717 09:32:46.402000,0,2.04,295,2.06,13,REGULAR,REGULAR,IEX,10257
DNN,20250717 09:32:46.471000,0,2.04,295,2.06,105,REGULAR,REGULAR,IEX,10247
DNN,20250717 09:32:46.471000,0,2.04,295,2.06,105,REGULAR,REGULAR,IEX,10247
DNN,20250717 09:32:46.471000,0,2.04,295,2.06,105,REGULAR,REGULAR,IEX,10247
DNN,20250717 09:32:46.476000,0,2.04,295,2.06,105,REGULAR,REGULAR,IEX,10247
DNN,20250717 09:32:46.483000,0,2.04,295,2.06,134,REGULAR,REGULAR,IEX,10247
DNN,20250717 09:32:46.489000,0,2.04,295,2.06,134,REGULAR,REGULAR,IEX,10247
DNN,20250717 09:32:46.489000,0,2.04,295,2.06,134,REGULAR,REGULAR,IEX,10247
DNN,20250717 09:32:46.489000,0,2.04,295,2.06,134,REGULAR,REGULAR,IEX,10247
DNN,20250717 09:32:46.489000,0,2.04,295,2.06,134,REGULAR,REGULAR,IEX,10247
DNN,20250717 09:32:46.489000,0,2.04,295,2.06,134,REGULAR,REGULAR,IEX,10247
DNN,20250717 09:32:46.501000,0,2.04,295,2.06,133,REGULAR,REGULAR,IEX,10247
DNN,20250717 09:32:46.509000,0,2.04,295,2.06,133,REGULAR,REGULAR,IEX,10247
DNN,20250717 09:32:46.509000,0,2.04,295,2.06,133,REGULAR,REGULAR,IEX,10247
DNN,20250717 09:32:46.509000,0,2.04,295,2.06,133,REGULAR,REGULAR,IEX,10247
DNN,20250717 09:32:46.552000,0,2.04,385,2.06,104,REGULAR,REGULAR,IEX,10247
DNN,20250717 09:32:46.552000,0,2.04,385,2.06,104,REGULAR,REGULAR,IEX,10247
DNN,20250717 09:32:46.552000,0,2.04,385,2.06,104,REGULAR,REGULAR,IEX,10247
DNN,20250717 09:32:46.804000,0,2.04,385,2.06,30,REGULAR,REGULAR,IEX,10244
DNN,20250717 09:32:46.969000,0,2.04,385,2.06,30,REGULAR,REGULAR,IEX,10244
DNN,20250717 09:32:46.981000,0,2.04,385,2.06,20,REGULAR,REGULAR,IEX,10300
DNN,20250717 09:32:46.981000,0,2.04,385,2.06,20,REGULAR,REGULAR,IEX,10300
DNN,20250717 09:32:47.392000,0,2.04,385,2.06,20,REGULAR,REGULAR,IEX,10300
DNN,20250717 09:32:47.478000,0,2.04,385,2.06,20,REGULAR,REGULAR,IEX,10300
DNN,20250717 09:32:47.478000,0,2.04,385,2.06,20,REGULAR,REGULAR,IEX,10300
DNN,20250717 09:32:47.630000,0,2.04,385,2.06,20,REGULAR,REGULAR,IEX,10300
DNN,20250717 09:32:47.630000,0,2.04,385,2.06,20,REGULAR,REGULAR,IEX,10300
DNN,20250717 09:32:47.630000,0,2.04,385,2.06,20,REGULAR,REGULAR,IEX,10300
DNN,20250717 09:32:47.757000,0,2.04,385,2.06,20,REGULAR,REGULAR,IEX,10300
DNN,20250717 09:32:47.838000,0,2.04,488,2.06,13,REGULAR,REGULAR,NQEX,10257
DNN,20250717 09:32:47.838000,0,2.04,488,2.06,13,REGULAR,REGULAR,NQEX,10257
DNN,20250717 09:32:47.841000,0,2.06,279,2.06,363,REGULAR,REGULAR,BATS,10247
DNN,20250717 09:32:47.841000,0,2.06,279,2.06,363,REGULAR,REGULAR,BATS,10247
DNN,20250717 09:32:47.841000,0,2.06,279,2.06,363,REGULAR,REGULAR,BATS,10247
DNN,20250717 09:32:47.841000,0,2.06,279,2.06,363,REGULAR,REGULAR,BATS,10247
DNN,20250717 09:32:47.842000,0,2.06,279,2.06,363,REGULAR,REGULAR,BATS,10247
DNN,20250717 09:32:49.527000,0,2.06,263,2.06,199,REGULAR,REGULAR,EDGX,10247
DNN,20250717 09:32:50.155000,0,2.06,313,2.06,199,REGULAR,REGULAR,PACF,10247
DNN,20250717 09:32:50.473000,0,2.06,313,2.06,193,REGULAR,REGULAR,PACF,10247
DNN,20250717 09:32:50.525000,0,2.06,313,2.06,193,REGULAR,REGULAR,PACF,10247
DNN,20250717 09:32:51.034000,0,2.06,313,2.06,193,REGULAR,REGULAR,PACF,10247
DNN,20250717 09:32:51.853000,0,2.06,312,2.06,149,REGULAR,REGULAR,PACF,10247
DNN,20250717 09:32:51.855000,0,2.06,312,2.06,149,REGULAR,REGULAR,PACF,10247
DNN,20250717 09:32:52.152000,0,2.06,395,2.06,149,REGULAR,REGULAR,PACF,10247
DNN,20250717 09:32:52.233000,0,2.06,312,2.06,70,REGULAR,REGULAR,PACF,10308
DNN,20250717 09:32:52.312000,0,2.06,321,2.06,106,REGULAR,REGULAR,EDGX,10243
DNN,20250717 09:32:52.986000,0,2.06,321,2.06,69,REGULAR,REGULAR,EDGX,10247
DNN,20250717 09:32:53.452000,0,2.06,359,2.06,88,REGULAR,REGULAR,PACF,10243
DNN,20250717 09:33:03.310000,0,2.06,452,2.06,84,REGULAR,REGULAR,PACF,10247
DNN,20250717 09:33:04.779000,0,2.06,452,2.06,84,REGULAR,REGULAR,PACF,10247
DNN,20250717 09:33:05.801000,0,2.06,502,2.06,84,REGULAR,REGULAR,PACF,10247
DNN,20250717 09:33:05.855000,0,2.06,502,2.06,84,REGULAR,REGULAR,PACF,10247
DNN,20250717 09:33:05.871000,0,2.06,502,2.06,84,REGULAR,REGULAR,PACF,10247
DNN,20250717 09:33:06.562000,0,2.06,502,2.06,84,REGULAR,REGULAR,PACF,10247
DNN,20250717 09:33:07.470000,0,2.06,502,2.06,84,REGULAR,REGULAR,PACF,10247
DNN,20250717 09:33:10.168000,0,2.06,502,2.06,84,REGULAR,REGULAR,PACF,10247
DNN,20250717 09:33:10.352000,0,2.06,502,2.06,84,REGULAR,REGULAR,PACF,10247
DNN,20250717 09:33:11.276000,0,2.06,502,2.06,84,REGULAR,REGULAR,PACF,10247
DNN,20250717 09:33:11.344000,0,2.06,502,2.06,84,REGULAR,REGULAR,PACF,10247
DNN,20250717 09:33:11.405000,0,2.06,502,2.06,84,REGULAR,REGULAR,PACF,10247
DNN,20250717 09:33:11.541000,0,2.06,502,2.06,84,REGULAR,REGULAR,PACF,10247
DNN,20250717 09:33:15.169000,0,2.06,502,2.06,84,REGULAR,REGULAR,PACF,10247
DNN,20250717 09:33:15.509000,0,2.06,502,2.06,84,REGULAR,REGULAR,PACF,10247
DNN,20250717 09:33:16.212000,0,2.06,502,2.06,84,REGULAR,REGULAR,PACF,10247
DNN,20250717 09:33:16.394000,0,2.06,502,2.06,84,REGULAR,REGULAR,PACF,10247
DNN,20250717 09:33:17.180000,0,2.06,502,2.06,84,REGULAR,REGULAR,PACF,10247
DNN,20250717 09:33:17.280000,0,2.06,598,2.06,84,REGULAR,REGULAR,PACF,10247
DNN,20250717 09:33:17.280000,0,2.06,598,2.06,84,REGULAR,REGULAR,PACF,10247
DNN,20250717 09:33:17.437000,0,2.06,556,2.06,2,REGULAR,REGULAR,PACF,10241
DNN,20250717 09:33:17.437000,0,2.06,556,2.06,2,REGULAR,REGULAR,PACF,10241
DNN,20250717 09:33:17.437000,0,2.06,556,2.06,2,REGULAR,REGULAR,PACF,10241
DNN,20250717 09:33:17.437000,0,2.06,556,2.06,2,REGULAR,REGULAR,PACF,10241
DNN,20250717 09:33:17.437000,0,2.06,556,2.06,2,REGULAR,REGULAR,PACF,10241
DNN,20250717 09:33:17.437000,0,2.06,556,2.06,2,REGULAR,REGULAR,PACF,10241
DNN,20250717 09:33:17.437000,0,2.06,556,2.06,2,REGULAR,REGULAR,PACF,10241
DNN,20250717 09:33:17.437000,0,2.06,556,2.06,2,REGULAR,REGULAR,PACF,10241
DNN,20250717 09:33:17.437000,0,2.06,556,2.06,2,REGULAR,REGULAR,PACF,10241
DNN,20250717 09:33:17.437000,0,2.06,556,2.06,2,REGULAR,REGULAR,PACF,10241
DNN,20250717 09:33:17.437000,0,2.06,556,2.06,2,REGULAR,REGULAR,PACF,10241
DNN,20250717 09:33:17.437000,0,2.06,556,2.06,2,REGULAR,REGULAR,PACF,10241
DNN,20250717 09:33:17.437000,0,2.06,556,2.06,2,REGULAR,REGULAR,PACF,10241
DNN,20250717 09:33:17.437000,0,2.06,556,2.06,2,REGULAR,REGULAR,PACF,10241
DNN,20250717 09:33:17.437000,0,2.06,556,2.06,2,REGULAR,REGULAR,PACF,10241
DNN,20250717 09:33:17.437000,0,2.06,556,2.06,2,REGULAR,REGULAR,PACF,10241
DNN,20250717 09:33:17.437000,0,2.06,556,2.06,2,REGULAR,REGULAR,PACF,10241
DNN,20250717 09:33:17.437000,0,2.06,556,2.06,2,REGULAR,REGULAR,PACF,10241
DNN,20250717 09:33:17.437000,0,2.06,556,2.06,2,REGULAR,REGULAR,PACF,10241
DNN,20250717 09:33:17.437000,0,2.06,556,2.06,2,REGULAR,REGULAR,PACF,10241
DNN,20250717 09:33:17.437000,0,2.06,556,2.06,2,REGULAR,REGULAR,PACF,10241
DNN,20250717 09:33:17.437000,0,2.06,556,2.06,2,REGULAR,REGULAR,PACF,10241
DNN,20250717 09:33:17.438000,0,2.06,370,2.08,394,REGULAR,REGULAR,NQEX,10247
DNN,20250717 09:33:17.438000,0,2.06,370,2.08,394,REGULAR,REGULAR,NQEX,10247
DNN,20250717 09:33:17.438000,0,2.06,370,2.08,394,REGULAR,REGULAR,NQEX,10247
DNN,20250717 09:33:17.438000,0,2.06,370,2.08,394,REGULAR,REGULAR,NQEX,10247
DNN,20250717 09:33:17.495000,0,2.06,257,2.08,250,REGULAR,REGULAR,PACF,10247
DNN,20250717 09:33:17.498000,0,2.06,257,2.08,250,REGULAR,REGULAR,PACF,10247
DNN,20250717 09:33:18.089000,0,2.06,357,2.08,257,REGULAR,REGULAR,PACF,10313
DNN,20250717 09:33:20.452000,0,2.06,435,2.08,137,REGULAR,REGULAR,PACF,10313
DNN,20250717 09:33:20.774000,0,2.06,435,2.08,137,REGULAR,REGULAR,PACF,10313
DNN,20250717 09:33:20.774000,0,2.06,435,2.08,137,REGULAR,REGULAR,PACF,10313
DNN,20250717 09:33:22.148000,0,2.06,435,2.08,137,REGULAR,REGULAR,PACF,10313
DNN,20250717 09:33:22.225000,0,2.06,435,2.08,83,REGULAR,REGULAR,PACF,10313
DNN,20250717 09:33:22.225000,0,2.06,435,2.08,83,REGULAR,REGULAR,PACF,10313
DNN,20250717 09:33:23.782000,0,2.06,412,2.08,140,REGULAR,REGULAR,PACF,10313
DNN,20250717 09:33:23.945000,0,2.06,412,2.08,140,REGULAR,REGULAR,PACF,10313
DNN,20250717 09:33:24.822000,0,2.06,412,2.08,140,REGULAR,REGULAR,PACF,10313
DNN,20250717 09:33:25.100000,0,2.06,412,2.08,140,REGULAR,REGULAR,PACF,10313
DNN,20250717 09:33:25.799000,0,2.06,412,2.08,240,REGULAR,REGULAR,PACF,10313
DNN,20250717 09:33:27.097000,0,2.06,412,2.08,240,REGULAR,REGULAR,PACF,10313
DNN,20250717 09:33:28.372000,0,2.06,412,2.08,140,REGULAR,REGULAR,PACF,10313
DNN,20250717 09:33:28.375000,0,2.06,412,2.08,140,REGULAR,REGULAR,PACF,10313
DNN,20250717 09:33:28.387000,0,2.06,412,2.08,140,REGULAR,REGULAR,PACF,10313
DNN,20250717 09:33:28.563000,0,2.06,412,2.08,140,REGULAR,REGULAR,PACF,10313
DNN,20250717 09:33:28.571000,0,2.06,412,2.08,140,REGULAR,REGULAR,PACF,10313
DNN,20250717 09:33:28.946000,0,2.06,412,2.08,140,REGULAR,REGULAR,PACF,10313
DNN,20250717 09:33:29.540000,0,2.06,412,2.08,140,REGULAR,REGULAR,PACF,10313
DNN,20250717 09:33:29.801000,0,2.06,412,2.08,140,REGULAR,REGULAR,PACF,10313
DNN,20250717 09:33:29.975000,0,2.06,412,2.08,140,REGULAR,REGULAR,PACF,10313
DNN,20250717 09:33:30.234000,0,2.06,412,2.08,140,REGULAR,REGULAR,PACF,10313
DNN,20250717 09:33:30.685000,0,2.06,412,2.08,140,REGULAR,REGULAR,PACF,10313
DNN,20250717 09:33:31.249000,0,2.06,412,2.08,145,REGULAR,REGULAR,PACF,10300
DNN,20250717 09:33:31.396000,0,2.06,412,2.08,159,REGULAR,REGULAR,PACF,10300
DNN,20250717 09:33:31.974000,0,2.06,412,2.08,159,REGULAR,REGULAR,PACF,10300
DNN,20250717 09:33:32.534000,0,2.06,412,2.08,159,REGULAR,REGULAR,PACF,10300
DNN,20250717 09:33:32.576000,0,2.06,412,2.08,159,REGULAR,REGULAR,PACF,10300
DNN,20250717 09:33:32.576000,0,2.06,412,2.08,159,REGULAR,REGULAR,PACF,10300
DNN,20250717 09:33:32.578000,0,2.06,412,2.08,159,REGULAR,REGULAR,PACF,10300
DNN,20250717 09:33:32.734000,0,2.06,412,2.08,159,REGULAR,REGULAR,PACF,10300
DNN,20250717 09:33:32.959000,0,2.06,412,2.08,159,REGULAR,REGULAR,PACF,10300
DNN,20250717 09:33:33.568000,0,2.06,412,2.08,159,REGULAR,REGULAR,PACF,10300
DNN,20250717 09:33:34.043000,0,2.06,412,2.08,159,REGULAR,REGULAR,PACF,10300
DNN,20250717 09:33:34.078000,0,2.06,403,2.08,159,REGULAR,REGULAR,PACF,10300
DNN,20250717 09:33:34.335000,0,2.06,403,2.08,159,REGULAR,REGULAR,PACF,10300
DNN,20250717 09:33:34.735000,0,2.06,403,2.08,159,REGULAR,REGULAR,PACF,10300
DNN,20250717 09:33:35.053000,0,2.06,403,2.08,159,REGULAR,REGULAR,PACF,10300
DNN,20250717 09:33:35.367000,0,2.06,403,2.08,159,REGULAR,REGULAR,PACF,10300
DNN,20250717 09:33:35.629000,0,2.06,403,2.08,159,REGULAR,REGULAR,PACF,10300
DNN,20250717 09:33:35.629000,0,2.06,403,2.08,159,REGULAR,REGULAR,PACF,10300
DNN,20250717 09:33:35.629000,0,2.06,403,2.08,159,REGULAR,REGULAR,PACF,10300
DNN,20250717 09:33:36.388000,0,2.06,403,2.08,159,REGULAR,REGULAR,PACF,10300
DNN,20250717 09:33:38.268000,0,2.06,403,2.08,159,REGULAR,REGULAR,PACF,10300
DNN,20250717 09:33:38.269000,0,2.06,403,2.08,159,REGULAR,REGULAR,PACF,10300
DNN,20250717 09:33:39.160000,0,2.06,497,2.08,141,REGULAR,REGULAR,NQEX,10313
DNN,20250717 09:33:40.041000,0,2.06,403,2.08,141,REGULAR,REGULAR,PACF,10313
DNN,20250717 09:33:40.041000,0,2.06,403,2.08,141,REGULAR,REGULAR,PACF,10313
DNN,20250717 09:33:41.203000,0,2.06,403,2.08,141,REGULAR,REGULAR,PACF,10313
DNN,20250717 09:33:42.227000,0,2.06,403,2.08,141,REGULAR,REGULAR,PACF,10313
DNN,20250717 09:33:43.115000,0,2.06,403,2.08,140,REGULAR,REGULAR,PACF,10313
DNN,20250717 09:33:44.928000,0,2.06,403,2.08,150,REGULAR,REGULAR,PACF,10313
DNN,20250717 09:33:45.543000,0,2.06,403,2.08,150,REGULAR,REGULAR,PACF,10313
DNN,20250717 09:33:45.555000,0,2.06,403,2.08,150,REGULAR,REGULAR,PACF,10313
DNN,20250717 09:33:45.560000,0,2.06,403,2.08,150,REGULAR,REGULAR,PACF,10313
DNN,20250717 09:33:45.560000,0,2.06,403,2.08,150,REGULAR,REGULAR,PACF,10313
DNN,20250717 09:33:46.126000,0,2.06,403,2.08,150,REGULAR,REGULAR,PACF,10313
