SymbolId,TradeTime,Index,Size,TotalVolume,Price,ReportingExchange,TradeCondition
ONCO,20250717 04:00:16.773000,7494,39,39,3.86,EDGX,12545
ONCO,20250717 04:00:22.879000,8946,11,50,3.86,EDGX,12545
ONCO,20250717 04:00:22.879000,8948,121,172,3.55,EDGX,12545
ONCO,20250717 04:00:22.879000,8947,1,51,3.56,EDGX,12545
ONCO,20250717 04:01:27.887000,26386,2,174,3.85,EDGX,12545
ONCO,20250717 04:02:57.846000,51109,11,185,3.63,EDGX,12545
ONCO,20250717 04:03:30.460000,60194,300,485,3.83,EDGX,12545
ONCO,20250717 04:03:30.460000,60200,200,1159,4,EDGX,12545
ONCO,20250717 04:03:30.460000,60199,100,959,4,EDGX,12545
ONCO,20250717 04:03:30.460000,60198,66,859,3.99,EDGX,12545
ONCO,20250717 04:03:30.460000,60197,10,793,3.87,EDGX,12545
ONCO,20250717 04:03:30.460000,60202,22,1181,3.84,MEMX,12545
ONCO,20250717 04:03:30.460000,60196,100,783,3.85,EDGX,12545
ONCO,20250717 04:03:30.460000,60195,198,683,3.85,EDGX,12545
ONCO,20250717 04:03:30.460000,60204,25,1206,3.84,MEMX,12545
ONCO,20250717 04:03:30.461000,60210,253,1497,3.97,PACF,12545
ONCO,20250717 04:03:30.461000,60211,111,1608,3.99,PACF,12545
ONCO,20250717 04:03:30.461000,60208,13,1244,3.86,MEMX,12545
ONCO,20250717 04:03:30.461000,60207,11,1231,3.85,BATS,12545
ONCO,20250717 04:03:30.461000,60206,11,1220,3.85,EDGX,12545
ONCO,20250717 04:03:30.461000,60212,54,1662,4,PACF,12545
ONCO,20250717 04:03:30.461000,60205,3,1209,3.85,NQEX,12545
ONCO,20250717 04:04:09.399000,71123,37,1762,3.67,PACF,12545
ONCO,20250717 04:04:09.399000,71121,14,1686,3.7,PACF,12545
ONCO,20250717 04:04:09.399000,71122,39,1725,3.7,PACF,12545
ONCO,20250717 04:04:09.399000,71120,10,1672,3.7,PACF,12545
ONCO,20250717 04:04:33.887000,76619,5,1767,3.8,PACF,12545
ONCO,20250717 04:05:10.658000,84737,50,1817,3.8,PACF,12545
ONCO,20250717 04:05:25.901000,87477,7,1824,3.8,PACF,12545
ONCO,20250717 04:05:34.260000,89109,40,1864,3.67,NQEX,12545
ONCO,20250717 04:07:12.000000,107332,10,1874,3.7,EDGX,12545
ONCO,20250717 04:07:12.002000,107333,40,1914,3.67,EDGX,12545
ONCO,20250717 04:10:37.370000,141789,15,1929,3.7,MEMX,12545
ONCO,20250717 04:10:37.371000,141790,89,2018,3.67,EDGX,12545
ONCO,20250717 04:10:37.373000,141791,86,2104,3.63,EDGX,12545
ONCO,20250717 04:10:37.373000,141792,5,2109,3.63,EDGX,12545
ONCO,20250717 04:10:37.375000,141805,1,3045,3.61,PACF,12545
ONCO,20250717 04:10:37.375000,141804,7,3044,3.61,PACF,12545
ONCO,20250717 04:10:37.375000,141803,6,3037,3.61,PACF,12545
ONCO,20250717 04:10:37.375000,141801,7,2952,3.61,PACF,12545
ONCO,20250717 04:10:37.375000,141800,45,2945,3.61,PACF,12545
ONCO,20250717 04:10:37.375000,141799,45,2900,3.61,PACF,12545
ONCO,20250717 04:10:37.375000,141798,299,2855,3.61,PACF,12545
ONCO,20250717 04:10:37.375000,141797,1,2556,3.61,PACF,12545
ONCO,20250717 04:10:37.375000,141796,6,2555,3.61,PACF,12545
ONCO,20250717 04:10:37.375000,141795,45,2549,3.61,PACF,12545
ONCO,20250717 04:10:37.375000,141806,220,3265,3.61,PACF,12545
ONCO,20250717 04:10:37.375000,141808,45,3322,3.61,PACF,12545
ONCO,20250717 04:10:37.375000,141807,12,3277,3.61,PACF,12545
ONCO,20250717 04:10:37.375000,141819,1,3381,3.61,PACF,12545
ONCO,20250717 04:10:37.375000,141818,1,3380,3.61,PACF,12545
ONCO,20250717 04:10:37.375000,141817,1,3379,3.61,PACF,12545
ONCO,20250717 04:10:37.375000,141816,1,3378,3.61,PACF,12545
ONCO,20250717 04:10:37.375000,141815,5,3377,3.61,PACF,12545
ONCO,20250717 04:10:37.375000,141814,1,3372,3.61,PACF,12545
ONCO,20250717 04:10:37.375000,141812,6,3365,3.61,PACF,12545
ONCO,20250717 04:10:37.375000,141811,2,3359,3.61,PACF,12545
ONCO,20250717 04:10:37.375000,141810,33,3357,3.61,PACF,12545
ONCO,20250717 04:10:37.375000,141809,2,3324,3.61,PACF,12545
ONCO,20250717 04:10:37.375000,141813,6,3371,3.61,PACF,12545
ONCO,20250717 04:10:37.375000,141794,295,2504,3.61,PACF,12545
ONCO,20250717 04:10:37.375000,141802,79,3031,3.61,PACF,12545
ONCO,20250717 04:10:37.375000,141793,100,2209,3.61,PACF,12545
ONCO,20250717 04:10:37.382000,141820,25,3406,3.61,EDGX,12545
ONCO,20250717 04:10:37.382000,141821,25,3431,3.61,EDGX,12545
ONCO,20250717 04:10:37.382000,141822,25,3456,3.61,EDGX,12545
ONCO,20250717 04:10:37.382000,141823,25,3481,3.61,EDGX,12545
ONCO,20250717 04:10:42.416000,142451,20,3501,3.6,PACF,12545
ONCO,20250717 04:10:58.204000,145053,79,3580,3.57,NQEX,12545
ONCO,20250717 04:10:58.204000,145054,15,3595,3.57,MEMX,12545
ONCO,20250717 04:10:58.205000,145055,379,3974,3.55,EDGX,12545
ONCO,20250717 04:10:58.206000,145056,80,4054,3.55,PACF,12545
ONCO,20250717 04:10:58.207000,145057,1000,5054,3.54,NQEX,12545
ONCO,20250717 04:10:58.208000,145058,10,5064,3.53,PACF,12545
ONCO,20250717 04:10:58.209000,145059,100,5164,3.52,NQEX,12545
ONCO,20250717 04:10:58.209000,145060,300,5464,3.52,PACF,12545
ONCO,20250717 04:10:58.210000,145062,1000,7264,3.51,EDGX,12545
ONCO,20250717 04:10:58.210000,145061,800,6264,3.51,EDGX,12545
ONCO,20250717 04:10:58.210000,145063,1,7265,3.51,PACF,12545
ONCO,20250717 04:12:41.070000,162843,2,7267,3.69,PACF,12545
ONCO,20250717 04:12:43.211000,163095,7,8144,3.52,MEMX,12545
ONCO,20250717 04:12:43.211000,163097,50,8202,3.52,PACF,12545
ONCO,20250717 04:12:43.211000,163096,8,8152,3.52,PACF,12545
ONCO,20250717 04:12:43.211000,163094,10,8137,3.52,EDGX,12545
ONCO,20250717 04:12:43.211000,163087,45,7609,3.52,MEMX,12545
ONCO,20250717 04:12:43.211000,163088,6,7615,3.52,MEMX,12545
ONCO,20250717 04:12:43.211000,163089,1,7616,3.52,MEMX,12545
ONCO,20250717 04:12:43.211000,163086,297,7564,3.52,MEMX,12545
ONCO,20250717 04:12:43.211000,163091,37,7900,3.52,MEMX,12545
ONCO,20250717 04:12:43.211000,163092,183,8083,3.52,MEMX,12545
ONCO,20250717 04:12:43.211000,163093,44,8127,3.52,MEMX,12545
ONCO,20250717 04:12:43.211000,163090,247,7863,3.52,MEMX,12545
ONCO,20250717 04:12:48.102000,164033,75,8277,3.52,EDGX,12545
ONCO,20250717 04:12:50.928000,164609,10,8287,3.52,MEMX,12545
ONCO,20250717 04:12:51.313000,164688,200,8487,3.52,MEMX,12545
ONCO,20250717 04:12:54.229000,165266,100,8587,3.52,MEMX,12545
ONCO,20250717 04:12:55.537000,165489,200,8787,3.52,MEMX,12545
ONCO,20250717 04:13:08.812000,167513,252,9039,3.52,MEMX,12545
ONCO,20250717 04:13:08.939000,167537,1,9040,3.6,PACF,12545
ONCO,20250717 04:13:22.456000,169571,50,9090,3.68,PACF,12545
ONCO,20250717 04:14:22.096000,177626,20,9110,3.65,PACF,12545
ONCO,20250717 04:16:12.873000,195532,100,9310,3.5,PACF,12545
ONCO,20250717 04:16:12.873000,195534,5,9327,3.53,EDGX,12545
ONCO,20250717 04:16:12.873000,195536,100,9477,3.52,EDGX,12545
ONCO,20250717 04:16:12.873000,195538,220,9797,3.5,EDGX,12545
ONCO,20250717 04:16:12.873000,195537,100,9577,3.5,EDGX,12545
ONCO,20250717 04:16:12.873000,195533,12,9322,3.5,PACF,12545
ONCO,20250717 04:16:12.873000,195531,95,9210,3.52,PACF,12545
ONCO,20250717 04:16:12.873000,195530,5,9115,3.52,PACF,12545
ONCO,20250717 04:16:12.873000,195535,50,9377,3.52,EDGX,12545
ONCO,20250717 04:16:18.197000,196502,149,9946,3.5,EDGX,12545
ONCO,20250717 04:16:22.568000,197213,65,10011,3.5,EDGX,12545
ONCO,20250717 04:17:48.766000,211554,20,10031,3.5,EDGX,12545
ONCO,20250717 04:19:58.090000,230135,119,10150,3.5,PACF,12545
ONCO,20250717 04:20:01.943000,230757,1,10151,3.65,PACF,12545
ONCO,20250717 04:22:51.410000,266892,10,10183,3.52,EDGX,12545
ONCO,20250717 04:22:51.410000,266893,8,10191,3.52,EDGX,12545
ONCO,20250717 04:22:51.410000,266891,2,10173,3.52,EDGX,12545
ONCO,20250717 04:22:51.410000,266890,20,10171,3.52,EDGX,12545
ONCO,20250717 04:24:07.353000,282273,12,10203,3.52,PACF,12545
ONCO,20250717 04:25:57.545000,300600,6,10209,3.52,EDGX,12545
ONCO,20250717 04:25:57.545000,300601,4,10213,3.52,EDGX,12545
ONCO,20250717 04:26:33.317000,306815,64,10277,3.53,MEMX,12545
ONCO,20250717 04:26:33.317000,306817,2,10289,3.53,MEMX,12545
ONCO,20250717 04:26:33.317000,306818,37,10326,3.53,MEMX,12545
ONCO,20250717 04:26:33.317000,306816,10,10287,3.53,MEMX,12545
ONCO,20250717 04:29:36.152000,332466,10,10336,3.62,PACF,12545
ONCO,20250717 04:34:49.029000,380441,2,10338,3.52,MEMX,12545
ONCO,20250717 04:49:04.170000,500485,3,10341,3.52,PACF,12545
ONCO,20250717 04:52:22.891000,526199,6,10347,3.53,NQEX,12545
ONCO,20250717 04:52:45.237000,529174,1,10348,3.53,NQEX,12545
ONCO,20250717 04:53:06.615000,532227,26,10374,3.53,PACF,12545
ONCO,20250717 04:55:02.947000,546205,97,10471,3.76,NQEX,12545
ONCO,20250717 04:58:06.990000,572215,1,10472,3.73,NQEX,12545
ONCO,20250717 04:58:16.611000,572963,3,10475,3.72,NQEX,12545
ONCO,20250717 04:58:27.973000,575100,4,10479,3.7,NQEX,12545
ONCO,20250717 04:59:29.520000,586853,5,10484,3.69,NQEX,12545
ONCO,20250717 04:59:37.682000,588193,5,10489,3.67,NQEX,12545
ONCO,20250717 05:00:02.442000,590583,5,10494,3.65,NQEX,12545
ONCO,20250717 05:00:21.413000,592394,5,10499,3.63,NQEX,12545
ONCO,20250717 05:00:30.626000,593243,42,10549,3.54,NQEX,12545
ONCO,20250717 05:00:30.626000,593242,5,10507,3.53,PACF,12545
ONCO,20250717 05:00:30.626000,593241,3,10502,3.53,PACF,12545
ONCO,20250717 05:00:30.626000,593244,100,10649,3.53,EDGX,12545
ONCO,20250717 05:01:31.084000,599599,9,10658,3.54,MEMX,12545
ONCO,20250717 05:03:08.019000,611833,10,10668,3.65,MEMX,12545
ONCO,20250717 05:05:05.947000,625828,47,10716,3.64,MEMX,12545
ONCO,20250717 05:05:05.947000,625827,1,10669,3.63,NQEX,12545
ONCO,20250717 05:05:05.948000,625829,3,10719,3.65,MEMX,12545
ONCO,20250717 05:06:22.744000,637509,1,10720,3.64,NQEX,12545
ONCO,20250717 05:06:34.721000,638929,1,10721,3.64,NQEX,12545
ONCO,20250717 05:06:46.382000,640546,1,10722,3.64,PACF,12545
ONCO,20250717 05:07:00.185000,642010,4,10726,3.64,NQEX,12545
ONCO,20250717 05:07:10.536000,642921,82,10808,3.7,NQEX,12545
ONCO,20250717 05:07:10.536000,642924,42,10854,3.65,PACF,12545
ONCO,20250717 05:07:10.536000,642922,2,10810,3.65,PACF,12545
ONCO,20250717 05:07:10.536000,642923,2,10812,3.65,PACF,12545
ONCO,20250717 05:07:13.985000,643432,300,11154,3.64,EDGX,12545
ONCO,20250717 05:07:33.657000,645260,50,11204,3.65,PACF,12545
ONCO,20250717 05:09:00.682000,654553,75,11279,3.65,EDGX,12545
ONCO,20250717 05:11:42.087000,671741,1,11280,3.69,NQEX,12545
ONCO,20250717 05:12:43.021000,678118,2,11282,3.7,MEMX,12545
ONCO,20250717 05:13:19.124000,682613,57,11339,3.7,MEMX,12545
ONCO,20250717 05:13:19.124000,682614,25,11364,3.65,EDGX,12545
ONCO,20250717 05:15:21.443000,694581,4,11378,3.65,NQEX,12545
ONCO,20250717 05:15:21.443000,694582,15,11393,3.64,NQEX,12545
ONCO,20250717 05:15:21.443000,694580,10,11374,3.65,NQEX,12545
ONCO,20250717 05:15:32.940000,695760,4,11397,3.66,MEMX,12545
ONCO,20250717 05:15:32.940000,695761,60,11457,3.62,PACF,12545
ONCO,20250717 05:16:23.946000,701919,20,11477,3.53,EDGX,12545
ONCO,20250717 05:16:56.655000,704931,20,11497,3.54,PACF,12545
ONCO,20250717 05:17:05.386000,705664,16,11513,3.6,NQEX,12545
ONCO,20250717 05:17:15.698000,706696,10,11523,3.53,EDGX,12545
ONCO,20250717 05:17:27.423000,707879,55,11578,3.62,NQEX,12545
ONCO,20250717 05:17:38.450000,708850,13,11591,3.53,EDGX,12545
ONCO,20250717 05:19:03.179000,716735,75,11666,3.65,EDGX,12545
ONCO,20250717 05:19:03.179000,716736,72,11738,3.73,EDGX,12545
ONCO,20250717 05:19:08.046000,717206,1,11739,3.73,EDGX,12545
ONCO,20250717 05:20:16.306000,723338,56,11795,3.61,EDGX,12545
ONCO,20250717 05:22:02.139000,732832,9,11804,3.62,EDGX,12545
ONCO,20250717 05:23:48.910000,743000,40,11844,3.62,EDGX,12545
ONCO,20250717 05:26:41.087000,763545,38,11882,3.54,EDGX,12545
ONCO,20250717 05:36:39.446000,824528,50,11932,3.62,MEMX,12545
ONCO,20250717 05:36:39.447000,824529,150,12082,3.62,MEMX,12545
ONCO,20250717 05:36:39.910000,824632,118,12200,3.62,EDGX,12545
ONCO,20250717 05:42:19.502000,856385,1,12201,3.62,MEMX,12545
ONCO,20250717 05:49:54.026000,891287,55,12256,3.54,NQEX,12545
ONCO,20250717 05:54:33.837000,916347,5,12882,3.53,PACF,12545
ONCO,20250717 05:54:33.837000,916350,15,12907,3.52,PACF,12545
ONCO,20250717 05:54:33.837000,916351,15,12922,3.52,PACF,12545
ONCO,20250717 05:54:33.837000,916352,34,12956,3.52,PACF,12545
ONCO,20250717 05:54:33.837000,916349,10,12892,3.52,PACF,12545
ONCO,20250717 05:54:33.837000,916346,182,12877,3.53,PACF,12545
ONCO,20250717 05:54:33.837000,916336,2,12258,3.54,PACF,12545
ONCO,20250717 05:54:33.837000,916337,50,12308,3.54,PACF,12545
ONCO,20250717 05:54:33.837000,916338,80,12388,3.54,PACF,12545
ONCO,20250717 05:54:33.837000,916339,45,12433,3.54,NQEX,12545
ONCO,20250717 05:54:33.837000,916340,55,12488,3.54,NQEX,12545
ONCO,20250717 05:54:33.837000,916341,62,12550,3.54,EDGX,12545
ONCO,20250717 05:54:33.837000,916345,20,12695,3.54,NQEX,12545
ONCO,20250717 05:54:33.837000,916344,25,12675,3.54,NQEX,12545
ONCO,20250717 05:54:33.837000,916342,100,12650,3.54,EDGX,12545
ONCO,20250717 05:54:33.838000,916359,91,13543,3.53,MEMX,12545
ONCO,20250717 05:54:33.838000,916356,25,13056,3.53,EDGX,12545
ONCO,20250717 05:54:33.838000,916355,25,13031,3.53,EDGX,12545
ONCO,20250717 05:54:33.838000,916357,300,13356,3.52,EDGX,12545
ONCO,20250717 05:54:33.838000,916360,1,13544,3.52,PACF,12545
ONCO,20250717 05:54:33.838000,916363,50,13756,3.52,MEMX,12545
ONCO,20250717 05:54:33.838000,916353,25,12981,3.53,EDGX,12545
ONCO,20250717 05:54:33.838000,916358,96,13452,3.52,EDGX,12545
ONCO,20250717 05:54:33.838000,916362,153,13706,3.52,MEMX,12545
ONCO,20250717 05:54:33.838000,916361,9,13553,3.53,MEMX,12545
ONCO,20250717 05:54:33.838000,916354,25,13006,3.53,EDGX,12545
ONCO,20250717 05:54:37.851000,916930,45,14398,3.52,MEMX,12545
ONCO,20250717 05:54:37.851000,916929,95,14353,3.5,EDGX,12545
ONCO,20250717 05:54:37.851000,916928,500,14258,3.5,EDGX,12545
ONCO,20250717 05:54:37.851000,916927,2,13758,3.51,EDGX,12545
ONCO,20250717 05:54:37.851000,916931,5,14403,3.52,MEMX,12545
ONCO,20250717 05:54:50.669000,918582,100,14503,3.5,EDGX,12545
ONCO,20250717 05:55:18.439000,921403,100,14603,3.5,EDGX,12545
ONCO,20250717 05:55:27.265000,922315,28,14631,3.52,PACF,12545
ONCO,20250717 05:55:35.501000,922942,92,14881,3.5,EDGX,12545
ONCO,20250717 05:55:35.501000,922940,56,14687,3.5,PACF,12545
ONCO,20250717 05:55:35.501000,922941,102,14789,3.5,PACF,12545
ONCO,20250717 05:55:38.221000,923238,20,15153,3.5,EDGX,12545
ONCO,20250717 05:55:38.221000,923237,1,15133,3.5,EDGX,12545
ONCO,20250717 05:55:38.221000,923236,251,15132,3.5,EDGX,12545
ONCO,20250717 05:55:41.532000,923729,11,15164,3.51,PACF,12545
ONCO,20250717 05:55:44.090000,923970,16,15180,3.51,PACF,12545
ONCO,20250717 05:55:46.765000,924290,2,15182,3.51,PACF,12545
ONCO,20250717 05:56:06.017000,926070,40,15222,3.5,EDGX,12545
ONCO,20250717 05:56:06.018000,926071,100,15322,3.5,MEMX,12545
ONCO,20250717 05:56:06.018000,926072,229,15551,3.5,EDGX,12545
ONCO,20250717 05:56:06.021000,926073,50,15601,3.5,PACF,12545
ONCO,20250717 05:59:01.687000,946298,10,15611,3.56,EDGX,12545
ONCO,20250717 06:00:11.420000,952298,1,15612,3.56,EDGX,12545
ONCO,20250717 06:05:26.803000,981723,42,15909,3.57,EDGX,12545
ONCO,20250717 06:05:26.803000,981725,56,16012,3.57,EDGX,12545
ONCO,20250717 06:05:26.803000,981724,47,15956,3.57,EDGX,12545
ONCO,20250717 06:05:26.803000,981722,5,15867,3.57,EDGX,12545
ONCO,20250717 06:05:26.803000,981721,250,15862,3.57,EDGX,12545
ONCO,20250717 06:09:05.371000,1008810,200,16422,3.54,EDGX,12545
ONCO,20250717 06:09:05.371000,1008808,10,16022,3.54,PACF,12545
ONCO,20250717 06:09:05.371000,1008809,200,16222,3.56,NQEX,12545
ONCO,20250717 06:09:05.373000,1008813,50,16478,3.54,PACF,12545
ONCO,20250717 06:09:05.373000,1008812,6,16428,3.54,PACF,12545
ONCO,20250717 06:09:08.173000,1009047,400,16878,3.54,NQEX,12545
ONCO,20250717 06:09:43.165000,1012073,52,16930,3.53,PACF,12545
ONCO,20250717 06:11:01.406000,1019441,50,16980,3.49,PACF,12545
ONCO,20250717 06:16:14.086000,1048661,35,17015,3.52,PACF,12545
ONCO,20250717 06:17:26.028000,1056376,31,17046,3.54,EDGX,12545
ONCO,20250717 06:17:38.694000,1058097,30,17076,3.53,PACF,12545
ONCO,20250717 06:17:38.695000,1058098,1,17077,3.54,PACF,12545
ONCO,20250717 06:17:38.698000,1058125,20,17097,3.54,PACF,12545
ONCO,20250717 06:24:28.950000,1127144,4,17506,3.4,PACF,12545
ONCO,20250717 06:24:28.950000,1127139,155,17437,3.4,PACF,12545
ONCO,20250717 06:24:28.950000,1127143,16,17502,3.4,PACF,12545
ONCO,20250717 06:24:28.950000,1127142,3,17486,3.4,PACF,12545
ONCO,20250717 06:24:28.950000,1127140,23,17460,3.4,PACF,12545
ONCO,20250717 06:24:28.950000,1127145,3,17509,3.4,PACF,12545
ONCO,20250717 06:24:28.950000,1127141,23,17483,3.4,PACF,12545
ONCO,20250717 06:24:28.950000,1127138,1,17282,3.4,PACF,12545
ONCO,20250717 06:24:28.950000,1127147,1,17533,3.4,PACF,12545
ONCO,20250717 06:24:28.950000,1127146,23,17532,3.4,PACF,12545
ONCO,20250717 06:24:28.950000,1127134,155,17253,3.4,PACF,12545
ONCO,20250717 06:24:28.950000,1127133,1,17098,3.48,PACF,12545
ONCO,20250717 06:24:28.950000,1127135,1,17254,3.48,EDGX,12545
ONCO,20250717 06:24:28.950000,1127136,23,17277,3.4,PACF,12545
ONCO,20250717 06:24:28.950000,1127137,4,17281,3.4,PACF,12545
ONCO,20250717 06:24:28.951000,1127148,3,17536,3.4,PACF,12545
ONCO,20250717 06:24:28.951000,1127149,3,17539,3.4,PACF,12545
ONCO,20250717 06:24:28.951000,1127150,1,17540,3.4,PACF,12545
ONCO,20250717 06:24:28.951000,1127154,50,17593,3.4,PACF,12545
ONCO,20250717 06:24:28.951000,1127153,1,17543,3.4,PACF,12545
ONCO,20250717 06:24:28.951000,1127152,1,17542,3.4,PACF,12545
ONCO,20250717 06:24:28.951000,1127151,1,17541,3.4,PACF,12545
ONCO,20250717 06:24:35.922000,1128261,500,18093,3.4,PACF,12545
ONCO,20250717 06:24:54.016000,1131017,1791,19884,3.4,PACF,12545
ONCO,20250717 06:25:53.466000,1142803,100,19984,3.54,MEMX,12545
ONCO,20250717 06:29:31.119000,1169676,45,20089,3.54,EDGX,12545
ONCO,20250717 06:29:31.119000,1169673,5,19989,3.53,NQEX,12545
ONCO,20250717 06:29:31.119000,1169675,5,20044,3.53,EDGX,12545
ONCO,20250717 06:29:31.119000,1169674,50,20039,3.53,EDGX,12545
ONCO,20250717 06:37:28.632000,1223675,43,20389,3.55,PACF,12545
ONCO,20250717 06:37:28.632000,1223674,5,20346,3.55,PACF,12545
ONCO,20250717 06:37:28.632000,1223673,33,20341,3.55,PACF,12545
ONCO,20250717 06:37:28.632000,1223672,219,20308,3.55,PACF,12545
ONCO,20250717 06:37:32.308000,1224090,100,20489,3.54,PACF,12545
ONCO,20250717 06:37:32.308000,1224091,50,20539,3.54,MEMX,12545
ONCO,20250717 06:37:32.308000,1224092,50,20589,3.54,MEMX,12545
ONCO,20250717 06:37:32.308000,1224093,100,20689,3.54,EDGX,12545
ONCO,20250717 06:37:58.236000,1227054,200,20889,3.53,EDGX,12545
ONCO,20250717 06:37:58.236000,1227055,1,20890,3.52,EDGX,12545
ONCO,20250717 06:39:10.357000,1235171,12,21160,3.53,EDGX,12545
ONCO,20250717 06:39:10.357000,1235173,13,21186,3.53,EDGX,12545
ONCO,20250717 06:39:10.357000,1235172,13,21173,3.53,EDGX,12545
ONCO,20250717 06:39:10.357000,1235164,89,20979,3.53,EDGX,12545
ONCO,20250717 06:39:10.357000,1235165,13,20992,3.53,EDGX,12545
ONCO,20250717 06:39:10.357000,1235166,2,20994,3.53,EDGX,12545
ONCO,20250717 06:39:10.357000,1235167,91,21085,3.53,EDGX,12545
ONCO,20250717 06:39:10.357000,1235168,1,21086,3.53,EDGX,12545
ONCO,20250717 06:39:10.357000,1235169,61,21147,3.53,EDGX,12545
ONCO,20250717 06:39:10.357000,1235170,1,21148,3.53,EDGX,12545
ONCO,20250717 06:39:10.360000,1235174,50,21236,3.54,PACF,12545
ONCO,20250717 06:41:49.858000,1258202,80,21336,3.53,EDGX,12545
ONCO,20250717 06:41:49.858000,1258201,10,21256,3.53,PACF,12545
ONCO,20250717 06:41:49.858000,1258200,10,21246,3.53,PACF,12545
ONCO,20250717 06:43:57.970000,1276179,20,21356,3.53,EDGX,12545
ONCO,20250717 06:44:12.578000,1277545,1,21358,3.5,EDGX,12545
ONCO,20250717 06:44:12.578000,1277546,100,21458,3.5,EDGX,12545
ONCO,20250717 06:44:12.578000,1277544,1,21357,3.51,EDGX,12545
ONCO,20250717 06:48:48.339000,1319599,2,21460,3.53,MEMX,12545
ONCO,20250717 06:48:48.339000,1319600,1,21461,3.53,BATS,12545
ONCO,20250717 06:48:48.340000,1319601,10,21471,3.52,NQEX,12545
ONCO,20250717 06:48:48.340000,1319602,2,21473,3.51,NQEX,12545
ONCO,20250717 06:48:48.340000,1319603,1,21474,3.52,BATS,12545
ONCO,20250717 06:48:48.341000,1319605,1,21485,3.5,PACF,12545
ONCO,20250717 06:48:48.341000,1319604,10,21484,3.52,PACF,12545
ONCO,20250717 06:50:54.718000,1336828,70,21555,3.48,EDGX,12545
ONCO,20250717 06:53:18.181000,1352768,100,21655,3.51,PACF,12545
ONCO,20250717 06:53:19.076000,1352847,52,21707,3.51,PACF,12545
ONCO,20250717 06:53:30.350000,1353872,48,21755,3.51,EDGX,12545
ONCO,20250717 06:54:01.182000,1356666,9,22221,3.51,PACF,12545
ONCO,20250717 06:54:01.182000,1356665,7,22212,3.51,PACF,12545
ONCO,20250717 06:54:01.182000,1356664,450,22205,3.51,EDGX,12545
ONCO,20250717 06:56:11.165000,1377090,7,22235,3.6,NQEX,12545
ONCO,20250717 06:56:11.165000,1377091,13,22248,3.6,NQEX,12545
ONCO,20250717 06:56:11.165000,1377092,13,22261,3.51,EDGX,12545
ONCO,20250717 06:56:11.165000,1377089,7,22228,3.51,EDGX,12545
ONCO,20250717 06:58:29.743000,1398051,1,22262,3.6,MEMX,12545
ONCO,20250717 07:00:00.521000,1420244,20,22282,3.52,PACF,12545
ONCO,20250717 07:00:02.063000,1421308,200,22482,3.55,EDGX,12545
ONCO,20250717 07:00:11.129000,1426178,154,22636,3.55,MEMX,12545
ONCO,20250717 07:00:13.005000,1427831,22,22658,3.56,PACF,12545
ONCO,20250717 07:00:13.005000,1427832,3,22661,3.56,PACF,12545
ONCO,20250717 07:00:13.005000,1427836,1,22820,3.56,PACF,12545
ONCO,20250717 07:00:13.005000,1427835,3,22819,3.56,PACF,12545
ONCO,20250717 07:00:13.005000,1427837,6,22826,3.56,PACF,12545
ONCO,20250717 07:00:13.005000,1427833,127,22788,3.56,PACF,12545
ONCO,20250717 07:00:13.005000,1427834,28,22816,3.56,PACF,12545
ONCO,20250717 07:00:15.108000,1429126,346,23172,3.55,MEMX,12545
ONCO,20250717 07:00:15.108000,1429127,114,23286,3.55,MEMX,12545
ONCO,20250717 07:05:56.868000,1523747,130,23436,3.59,NQEX,12545
ONCO,20250717 07:05:56.868000,1523746,20,23306,3.59,NQEX,12545
ONCO,20250717 07:06:22.073000,1529907,460,24482,3.6,PACF,12545
ONCO,20250717 07:06:22.073000,1529906,86,24022,3.59,PACF,12545
ONCO,20250717 07:06:22.073000,1529905,414,23936,3.6,NQEX,12545
ONCO,20250717 07:06:22.073000,1529904,86,23522,3.59,NQEX,12545
ONCO,20250717 07:06:22.074000,1529908,86,24568,3.6,NQEX,12545
ONCO,20250717 07:06:22.074000,1529909,86,24654,3.6,PACF,12545
ONCO,20250717 07:10:51.446000,1600400,2,24656,3.62,PACF,12545
ONCO,20250717 07:12:45.654000,1621360,99,24755,3.6,EDGX,12545
ONCO,20250717 07:14:11.649000,1640460,34,25691,3.58,EDGX,12545
ONCO,20250717 07:14:11.649000,1640459,901,25657,3.6,EDGX,12545
ONCO,20250717 07:14:11.649000,1640458,1,24756,3.6,MEMX,12545
ONCO,20250717 07:14:11.650000,1640461,100,25791,3.56,PACF,12545
ONCO,20250717 07:14:55.511000,1649739,5,25796,3.6,PACF,12545
ONCO,20250717 07:15:00.373000,1650784,35,25831,3.55,EDGX,12545
ONCO,20250717 07:17:52.994000,1676257,18,25849,3.6,PACF,12545
ONCO,20250717 07:19:04.149000,1685604,27,25876,3.6,PACF,12545
ONCO,20250717 07:28:39.907000,1770755,14,25890,3.59,PACF,12545
ONCO,20250717 07:30:13.201000,1782238,100,25990,3.59,PACF,12545
ONCO,20250717 07:30:54.278000,1787775,9,25999,3.6,PACF,12545
ONCO,20250717 07:32:41.884000,1807880,97,26096,3.6,PACF,12545
ONCO,20250717 07:33:58.289000,1820631,182,26278,3.6,PACF,12545
ONCO,20250717 07:39:18.699000,1892606,200,26478,3.61,EDGX,12545
ONCO,20250717 07:39:18.699000,1892607,300,26778,3.61,PACF,12545
ONCO,20250717 07:39:18.700000,1892612,274,28300,3.55,BATS,12545
ONCO,20250717 07:39:18.700000,1892610,100,27061,3.6,PACF,12545
ONCO,20250717 07:39:18.700000,1892611,965,28026,3.55,EDGX,12545
ONCO,20250717 07:39:18.700000,1892613,386,28686,3.55,MEMX,12545
ONCO,20250717 07:39:18.700000,1892609,83,26961,3.6,PACF,12545
ONCO,20250717 07:39:18.700000,1892608,100,26878,3.6,EDGX,12545
ONCO,20250717 07:39:18.701000,1892616,100,28807,3.52,PACF,12545
ONCO,20250717 07:39:18.701000,1892615,20,28707,3.52,EDGX,12545
ONCO,20250717 07:39:18.701000,1892617,200,29007,3.52,PACF,12545
ONCO,20250717 07:39:18.701000,1892614,1,28687,3.53,PACF,12545
ONCO,20250717 07:39:18.927000,1892647,97,29104,3.62,EDGX,12545
ONCO,20250717 07:43:01.443000,1928395,15,29119,3.62,EDGX,12545
ONCO,20250717 07:44:37.834000,1940569,1,29120,3.6,BATS,12545
ONCO,20250717 07:44:37.834000,1940570,34,29154,3.62,EDGX,12545
ONCO,20250717 07:44:37.835000,1940571,30,29184,3.59,PACF,12545
ONCO,20250717 07:44:45.291000,1941420,30,29214,3.53,PACF,12545
ONCO,20250717 07:50:08.471000,1986450,30,29244,3.6,PACF,12545
ONCO,20250717 07:54:53.372000,2023094,1,29245,3.61,EDGX,12545
ONCO,20250717 08:00:00.055000,2066308,2053,31298,3.56,NQNX,12545
ONCO,20250717 08:00:00.200000,2079015,2,31300,3.6,NQNX,12545
ONCO,20250717 08:00:00.218000,2080703,25,31325,3.61,NQNX,12545
ONCO,20250717 08:00:00.292000,2087595,150,31475,3.59,NQNX,12545
ONCO,20250717 08:00:00.387000,2093003,350,31825,3.6,NTRF,12545
ONCO,20250717 08:00:00.532000,2099014,10,31835,3.6,NQNX,12545
ONCO,20250717 08:00:00.548000,2099621,50,31885,3.97,NTRF,12545
ONCO,20250717 08:00:00.697000,2105803,1497,33382,3.48,NTRF,12545
ONCO,20250717 08:00:00.719000,2106800,92,33482,3.7,NQNX,12545
ONCO,20250717 08:00:00.719000,2106797,8,33390,3.7,NQNX,12545
ONCO,20250717 08:00:00.761000,2108488,80,33562,3.8,NTRF,12545
ONCO,20250717 08:00:00.777000,2109068,182,33744,3.55,NQNX,12545
ONCO,20250717 08:00:00.977000,2117888,90,33834,3.67,NQNX,12545
ONCO,20250717 08:00:01.121000,2125015,3,33837,3.6,NTRF,12545
ONCO,20250717 08:00:01.128000,2125362,15,33852,3.6,NTRF,12545
ONCO,20250717 08:00:01.163000,2127309,20,33872,3.6,NTRF,12545
ONCO,20250717 08:00:01.202000,2129428,550,34422,3.67,NQNX,12545
ONCO,20250717 08:00:01.234000,2131032,10,34432,3.78,NTRF,12545
ONCO,20250717 08:00:01.342000,2136140,1800,36232,3.72,NQNX,12545
ONCO,20250717 08:00:01.356000,2136936,51,36283,3.8,NTRF,12545
ONCO,20250717 08:00:01.371000,2137655,25,36308,3.67,NQNX,12545
ONCO,20250717 08:00:01.374000,2137824,5,36313,3.8,NTRF,12545
ONCO,20250717 08:00:01.445000,2141443,118,36431,3.61,NQNX,12545
ONCO,20250717 08:00:01.446000,2141454,153,36584,3.51,NQNX,12545
ONCO,20250717 08:00:01.460000,2142178,110,36694,3.51,NQNX,12545
ONCO,20250717 08:00:01.714000,2154740,1,36695,3.62,NQNX,12545
ONCO,20250717 08:00:01.825000,2160042,6,36701,3.6,NQNX,12545
ONCO,20250717 08:00:02.122000,2167766,100,36801,3.59,NQNX,12545
ONCO,20250717 08:00:02.413000,2174837,35,36836,3.7,NTRF,12545
ONCO,20250717 08:00:02.414000,2174874,10,36846,3.7,NTRF,12545
ONCO,20250717 08:00:02.655000,2179739,10,36856,3.6,NTRF,12545
ONCO,20250717 08:00:02.656000,2179757,149,37005,3.5,NQNX,12545
ONCO,20250717 08:00:02.930000,2185482,5,37010,3.58,NQNX,12545
ONCO,20250717 08:00:02.970000,2186301,500,37510,3.67,NQNX,12545
ONCO,20250717 08:00:03.113000,2189550,100,37610,3.62,NTRF,12545
ONCO,20250717 08:00:03.420000,2195293,1,37611,3.71,NQNX,12545
ONCO,20250717 08:00:03.489000,2196386,1,37612,3.57,NTRF,12545
ONCO,20250717 08:00:03.802000,2200650,5,37617,3.57,NTRF,12545
ONCO,20250717 08:00:03.873000,2201585,2,37619,3.57,NTRF,12545
ONCO,20250717 08:00:04.231000,2205897,4,37623,3.58,NQNX,12545
ONCO,20250717 08:00:05.197000,2220030,40,37663,3.5,NQNX,12545
ONCO,20250717 08:00:05.672000,2230814,1,37664,3.68,NQNX,12545
ONCO,20250717 08:00:05.714000,2231798,50,37714,3.6,NQNX,12545
ONCO,20250717 08:00:05.739000,2232379,1,37715,3.55,NQNX,12545
ONCO,20250717 08:00:05.754000,2232759,5,37720,3.6,NTRF,12545
ONCO,20250717 08:00:05.766000,2233061,10,37730,3.7,NQNX,12545
ONCO,20250717 08:00:05.817000,2234151,5,37735,3.6,NQNX,12545
ONCO,20250717 08:00:05.995000,2238710,5,37740,3.55,NQNX,12545
ONCO,20250717 08:00:06.250000,2244913,107,37847,3.59,NQNX,12545
ONCO,20250717 08:00:06.753000,2257703,619,38466,3.6,NQNX,12545
ONCO,20250717 08:00:06.760000,2257856,10,38476,3.55,NQNX,12545
ONCO,20250717 08:00:06.823000,2259442,4,38480,3.55,NQNX,12545
ONCO,20250717 08:00:06.976000,2263364,4,38484,3.61,NQNX,12545
ONCO,20250717 08:00:06.994000,2263812,10,38494,3.75,NQNX,12545
ONCO,20250717 08:00:07.006000,2264091,1,38495,3.55,NQNX,12545
ONCO,20250717 08:00:07.100000,2266495,3,38498,3.57,NQNX,12545
ONCO,20250717 08:00:07.132000,2267374,41,38539,3.6,NQNX,12545
ONCO,20250717 08:00:07.168000,2268255,350,38889,3.6,NQNX,12545
ONCO,20250717 08:00:08.121000,2286671,8,38897,3.56,NQNX,12545
ONCO,20250717 08:00:10.037000,2314245,320,39217,3.65,NQNX,12545
ONCO,20250717 08:00:18.760000,2392274,31,39248,3.62,NQNX,12545
ONCO,20250717 08:00:22.036000,2415153,1000,40248,3.73,NQNX,12545
ONCO,20250717 08:00:22.921000,2419002,1,40249,3.69,NTRF,12545
ONCO,20250717 08:00:22.921000,2419004,9,40258,3.7,NTRF,12545
ONCO,20250717 08:00:23.867000,2423872,1,40259,3.67,NQNX,12545
ONCO,20250717 08:00:24.815000,2428016,550,40809,3.67,NQNX,12545
ONCO,20250717 08:00:28.505000,2439444,1,40810,3.66,NQNX,12545
ONCO,20250717 08:01:08.239000,2472427,23,40833,3.68,NQNX,12545
ONCO,20250717 08:05:12.984000,2563404,5,40838,3.67,NQNX,12545
ONCO,20250717 08:05:59.407000,2577462,50,40888,3.67,NQNX,12545
ONCO,20250717 08:07:46.655000,2607950,300,41188,3.6,NQNX,12545
ONCO,20250717 08:09:57.320000,2651594,70,41258,3.6,PACF,12545
ONCO,20250717 08:09:57.320000,2651595,80,41338,3.6,PACF,12545
ONCO,20250717 08:11:54.784000,2684383,4,41342,3.6,NQNX,12545
ONCO,20250717 08:12:20.913000,2691580,1500,42842,3.6,NQNX,12545
ONCO,20250717 08:12:47.364000,2699913,20,42862,3.6,NQNX,12545
ONCO,20250717 08:15:10.196000,2738251,5,42883,3.6,PACF,12545
ONCO,20250717 08:15:10.196000,2738250,16,42878,3.61,NQNX,12545
ONCO,20250717 08:15:38.487000,2746415,70,42953,3.57,PACF,12545
ONCO,20250717 08:15:38.487000,2746417,540,43494,3.55,EDGX,12545
ONCO,20250717 08:15:38.487000,2746416,1,42954,3.56,PACF,12545
ONCO,20250717 08:15:50.159000,2748794,500,43994,3.66,NQNX,12545
ONCO,20250717 08:17:28.069000,2770427,2,43996,3.6,PACF,12545
ONCO,20250717 08:17:28.070000,2770428,48,44044,3.6,PACF,12545
ONCO,20250717 08:17:43.984000,2773458,2,44046,3.6,PACF,12545
ONCO,20250717 08:17:43.985000,2773459,48,44094,3.6,PACF,12545
ONCO,20250717 08:18:23.223000,2784270,2,44096,3.55,NQNX,12545
ONCO,20250717 08:18:33.588000,2787315,30,44128,3.57,EDGX,12545
ONCO,20250717 08:18:33.588000,2787316,2,44130,3.57,PACF,12545
ONCO,20250717 08:18:33.588000,2787314,2,44098,3.56,EDGX,12545
ONCO,20250717 08:19:07.269000,2803081,750,44880,3.55,NQNX,12545
ONCO,20250717 08:19:12.524000,2805762,1,44881,3.66,NQNX,12545
ONCO,20250717 08:19:41.459000,2816878,50,44931,3.62,NQNX,12545
ONCO,20250717 08:20:56.893000,2840088,1000,45931,3.62,NQNX,12545
ONCO,20250717 08:20:59.662000,2841372,1,45932,3.59,NQNX,12545
ONCO,20250717 08:21:22.598000,2847539,1,45933,3.6,NQNX,12545
ONCO,20250717 08:21:48.323000,2855481,50,46003,3.65,PACF,12545
ONCO,20250717 08:21:48.323000,2855480,5,45953,3.65,EDGX,12545
ONCO,20250717 08:21:48.323000,2855479,15,45948,3.65,MEMX,12545
ONCO,20250717 08:21:48.324000,2855482,85,46088,3.65,MEMX,12545
ONCO,20250717 08:21:48.324000,2855483,15,46103,3.65,MEMX,12545
ONCO,20250717 08:21:48.324000,2855488,85,46388,3.65,MEMX,12545
ONCO,20250717 08:21:48.324000,2855484,95,46198,3.65,EDGX,12545
ONCO,20250717 08:21:48.324000,2855487,50,46303,3.65,PACF,12545
ONCO,20250717 08:21:48.324000,2855486,50,46253,3.65,PACF,12545
ONCO,20250717 08:21:48.324000,2855485,5,46203,3.65,EDGX,12545
ONCO,20250717 08:21:48.324000,2855494,50,46662,3.66,PACF,12545
ONCO,20250717 08:21:48.324000,2855489,15,46403,3.66,MEMX,12545
ONCO,20250717 08:21:48.324000,2855490,95,46498,3.65,EDGX,12545
ONCO,20250717 08:21:48.324000,2855491,5,46503,3.66,EDGX,12545
ONCO,20250717 08:21:48.324000,2855493,60,46612,3.65,PACF,12545
ONCO,20250717 08:21:48.324000,2855492,49,46552,3.66,EDGX,12545
ONCO,20250717 08:21:48.325000,2855495,271,46933,3.67,PACF,12545
ONCO,20250717 08:23:27.430000,2885992,100,47362,3.68,PACF,12545
ONCO,20250717 08:23:27.430000,2885991,50,47262,3.68,EDGX,12545
ONCO,20250717 08:23:27.430000,2885990,50,47212,3.68,EDGX,12545
ONCO,20250717 08:23:27.430000,2885993,10,47372,3.68,PACF,12545
ONCO,20250717 08:23:27.430000,2885989,229,47162,3.67,PACF,12545
ONCO,20250717 08:24:00.588000,2893997,500,47872,3.69,NQNX,12545
ONCO,20250717 08:24:44.552000,2904034,61,47933,3.69,EDGX,12545
ONCO,20250717 08:24:58.987000,2906861,200,48133,3.69,NTRF,12545
ONCO,20250717 08:25:52.540000,2919508,126,48259,3.6,NQNX,12545
ONCO,20250717 08:25:52.540000,2919510,45,48304,3.6,EDGX,12545
ONCO,20250717 08:25:56.533000,2920985,100,48759,3.63,PACF,12545
ONCO,20250717 08:25:56.533000,2920986,100,48859,3.63,PACF,12545
ONCO,20250717 08:25:56.533000,2920984,355,48659,3.59,EDGX,12545
ONCO,20250717 08:25:56.534000,2920987,445,49304,3.67,MEMX,12545
ONCO,20250717 08:26:20.754000,2927883,790,50094,3.67,PACF,12545
ONCO,20250717 08:26:20.754000,2927884,72,50166,3.67,PACF,12545
ONCO,20250717 08:26:20.754000,2927886,138,50304,3.67,PACF,12545
ONCO,20250717 08:27:57.821000,2949290,5,50309,3.56,EDGX,12545
ONCO,20250717 08:35:08.877000,3111445,21,50330,3.6,EDGX,12545
ONCO,20250717 08:38:08.393000,3197106,9,50340,3.6,MEMX,12545
ONCO,20250717 08:38:08.393000,3197105,1,50331,3.61,PACF,12545
ONCO,20250717 08:38:12.046000,3198481,108,50448,3.6,NQNX,12545
ONCO,20250717 08:38:22.568000,3203184,68,50516,3.61,BATS,12545
ONCO,20250717 08:41:38.277000,3288146,10,50526,3.63,NQNX,12545
ONCO,20250717 08:42:46.272000,3318295,3,50529,3.64,NQNX,12545
ONCO,20250717 08:43:12.172000,3326950,89,50618,3.65,NQNX,12545
ONCO,20250717 08:44:10.904000,3347217,36,50654,3.66,PACF,12545
ONCO,20250717 08:44:10.904000,3347218,1,50655,3.65,PACF,12545
ONCO,20250717 08:44:11.141000,3347382,2985,53640,3.65,NQNX,12545
ONCO,20250717 08:45:38.554000,3379737,29,53670,3.7,PACF,12545
ONCO,20250717 08:45:38.554000,3379736,1,53641,3.7,PACF,12545
ONCO,20250717 08:47:46.699000,3422772,100,53770,3.66,PACF,12545
ONCO,20250717 08:47:46.703000,3422780,175,53945,3.65,NQNX,12545
ONCO,20250717 08:50:01.434000,3476058,200,54145,3.74,NTRF,12545
ONCO,20250717 08:50:50.500000,3496355,19,54164,3.7,PACF,12545
ONCO,20250717 08:50:55.232000,3498286,2,54166,3.7,PACF,12545
ONCO,20250717 08:51:31.209000,3514519,14,54180,3.66,NQNX,12545
ONCO,20250717 08:51:42.784000,3518822,100,54280,3.7,BATS,12545
ONCO,20250717 08:53:53.133000,3562264,23,54303,3.67,NQNX,12545
ONCO,20250717 08:54:10.551000,3569452,300,54603,3.67,NQNX,12545
ONCO,20250717 08:54:10.552000,3569453,500,55103,3.67,NQNX,12545
ONCO,20250717 08:54:37.675000,3578795,200,55303,3.7,NTRF,12545
ONCO,20250717 08:55:53.667000,3616172,1000,56303,3.67,NQNX,12545
ONCO,20250717 08:56:19.863000,3633558,10,56313,3.7,BATS,12545
ONCO,20250717 08:57:27.990000,3667195,46,56359,3.67,NQNX,12545
ONCO,20250717 08:59:12.243000,3712833,10,56369,3.67,NQNX,12545
ONCO,20250717 08:59:19.297000,3715599,129,56498,3.67,NQNX,12545
ONCO,20250717 08:59:55.041000,3728216,49,56547,3.68,NQNX,12545
ONCO,20250717 09:00:21.533000,3737506,37,56584,3.69,MEMX,12545
ONCO,20250717 09:00:32.805000,3742525,29,56613,3.59,NQEX,12545
ONCO,20250717 09:00:32.805000,3742526,29,56642,3.69,MEMX,12545
ONCO,20250717 09:00:44.917000,3746718,2,56644,3.69,MEMX,12545
ONCO,20250717 09:00:53.107000,3750778,400,57044,3.69,NQNX,12545
ONCO,20250717 09:01:09.774000,3757278,100,57144,3.7,NTRF,12545
ONCO,20250717 09:01:46.386000,3772225,1,57145,3.7,BATS,12545
ONCO,20250717 09:01:58.661000,3776190,22,57167,3.7,BATS,12545
ONCO,20250717 09:02:14.592000,3782368,156,57323,3.7,BATS,12545
ONCO,20250717 09:02:14.592000,3782369,25,57348,3.7,PACF,12545
ONCO,20250717 09:02:20.819000,3784689,48,57397,3.71,PACF,12545
ONCO,20250717 09:02:20.819000,3784688,1,57349,3.71,PACF,12545
ONCO,20250717 09:02:34.759000,3789365,488,57885,3.73,NQNX,12545
ONCO,20250717 09:02:46.959000,3792595,270,58155,3.72,NQNX,12545
ONCO,20250717 09:02:52.918000,3794614,5,58160,3.72,PACF,12545
ONCO,20250717 09:02:58.438000,3796352,60,58325,3.73,PACF,12545
ONCO,20250717 09:02:58.438000,3796351,10,58265,3.73,PACF,12545
ONCO,20250717 09:02:58.438000,3796350,95,58255,3.72,PACF,12545
ONCO,20250717 09:02:58.439000,3796354,100,58520,3.73,PACF,12545
ONCO,20250717 09:02:58.439000,3796353,95,58420,3.73,PACF,12545
ONCO,20250717 09:02:58.439000,3796355,50,58570,3.74,PACF,12545
ONCO,20250717 09:03:16.675000,3802112,50,58620,3.74,NQNX,12545
ONCO,20250717 09:03:17.761000,3802325,240,58860,3.73,NQNX,12545
ONCO,20250717 09:03:17.775000,3802327,1,58861,3.73,NQNX,12545
ONCO,20250717 09:03:28.834000,3806262,50,58911,3.74,NQNX,12545
ONCO,20250717 09:03:34.763000,3809286,5,58916,3.72,NQNX,12545
ONCO,20250717 09:04:03.523000,3824876,500,59416,3.74,NQNX,12545
ONCO,20250717 09:04:03.523000,3824877,350,59766,3.74,NQNX,12545
ONCO,20250717 09:04:16.514000,3830609,1,59767,3.75,EDGX,12545
ONCO,20250717 09:04:22.225000,3833159,25,59792,3.74,PACF,12545
ONCO,20250717 09:04:22.225000,3833160,175,59967,3.74,PACF,12545
ONCO,20250717 09:04:24.466000,3834088,141,60108,3.74,NQNX,12545
ONCO,20250717 09:04:24.490000,3834092,39,60147,3.74,NQNX,12545
ONCO,20250717 09:04:32.109000,3837481,50,60197,3.75,EDGX,12545
ONCO,20250717 09:04:38.194000,3839916,200,60397,3.74,PACF,12545
ONCO,20250717 09:05:30.098000,3860026,12,60409,3.74,NQNX,12545
ONCO,20250717 09:05:36.194000,3862520,1,60410,3.75,EDGX,12545
ONCO,20250717 09:06:06.462000,3873668,35,60445,3.74,NQNX,12545
ONCO,20250717 09:06:10.530000,3874777,1,60446,3.75,EDGX,12545
ONCO,20250717 09:06:26.007000,3880041,1,60447,3.74,NQNX,12545
ONCO,20250717 09:06:43.175000,3887730,50,60497,3.74,NQNX,12545
ONCO,20250717 09:07:06.336000,3895130,436,60933,3.75,EDGX,12545
ONCO,20250717 09:07:39.086000,3907958,100,61033,3.74,EDGX,12545
ONCO,20250717 09:07:40.483000,3908375,1,61034,3.74,NQNX,12545
ONCO,20250717 09:09:37.692000,3943541,34,61068,3.75,NQNX,12545
ONCO,20250717 09:09:41.017000,3944810,1,61069,3.75,PACF,12545
ONCO,20250717 09:09:47.722000,3946616,10,61079,3.67,EDGX,12545
ONCO,20250717 09:10:41.020000,3962238,30,61109,3.75,NQNX,12545
ONCO,20250717 09:11:57.894000,3990185,5,61114,3.75,NTRF,12545
ONCO,20250717 09:12:12.024000,3994081,7,61121,3.75,NQNX,12545
ONCO,20250717 09:12:14.022000,3994630,7,61128,3.75,NQNX,12545
ONCO,20250717 09:12:16.099000,3995683,5,61133,3.75,NQNX,12545
ONCO,20250717 09:12:21.179000,3998255,11,61144,3.7,NQNX,12545
ONCO,20250717 09:12:34.740000,4002850,5,61149,3.75,NQNX,12545
ONCO,20250717 09:12:37.668000,4003905,200,61349,3.7,EDGX,12545
ONCO,20250717 09:12:46.474000,4007863,2,61351,3.75,NQNX,12545
ONCO,20250717 09:13:17.600000,4019995,50,61401,3.73,MEMX,12545
ONCO,20250717 09:14:35.226000,4053301,1,61402,3.7,EDGX,12545
ONCO,20250717 09:19:16.384000,4156205,1,61403,3.72,PACF,12545
ONCO,20250717 09:19:37.189000,4163269,26,61429,3.72,NTRF,12545
ONCO,20250717 09:20:56.929000,4195386,22,61451,3.7,EDGX,12545
ONCO,20250717 09:22:45.754000,4243506,100,61551,3.72,PACF,12545
ONCO,20250717 09:23:04.857000,4252020,149,61700,3.72,PACF,12545
ONCO,20250717 09:23:12.865000,4255800,44,61744,3.73,EDGX,12545
ONCO,20250717 09:23:12.866000,4255801,91,61835,3.74,EDGX,12545
ONCO,20250717 09:23:12.867000,4255804,284,62435,3.75,NQNX,12545
ONCO,20250717 09:23:12.867000,4255802,100,61935,3.75,EDGX,12545
ONCO,20250717 09:23:12.867000,4255803,216,62151,3.75,EDGX,12545
ONCO,20250717 09:24:51.104000,4292229,1,62436,3.75,PACF,12545
ONCO,20250717 09:26:06.106000,4340078,130,62566,3.7,PACF,12545
ONCO,20250717 09:26:35.222000,4351556,15,62581,3.7,NQNX,12545
ONCO,20250717 09:26:35.419000,4351627,5,62586,3.68,PACF,12545
ONCO,20250717 09:26:40.756000,4354066,10,62596,3.67,EDGX,12545
ONCO,20250717 09:26:51.893000,4358088,1019,63615,3.68,EDGX,12545
ONCO,20250717 09:28:52.080000,4422840,158,63773,3.67,NQEX,12545
ONCO,20250717 09:29:59.133000,4447602,4,63777,3.6,NQNX,12545
ONCO,20250717 09:30:00.088000,4451695,47,63845,3.55,PACF,12659
ONCO,20250717 09:30:00.088000,4451694,1,63798,3.55,PACF,12659
ONCO,20250717 09:30:00.088000,4451693,10,63797,3.59,PACF,12610
ONCO,20250717 09:30:00.088000,4451692,10,63787,3.59,PACF,12659
ONCO,20250717 09:30:00.758000,4486464,2040,67925,3.57,NQEX,12610
ONCO,20250717 09:30:00.758000,4486463,2040,65885,3.57,NQEX,12606
ONCO,20250717 09:30:00.794000,4488367,1,67926,3.65,NQNX,12659
ONCO,20250717 09:30:00.854000,4492832,1,67927,3.65,NQNX,12659
ONCO,20250717 09:30:01.121000,4511049,1,67928,3.65,NQNX,12659
ONCO,20250717 09:30:01.164000,4513258,1,67929,3.65,NQNX,12659
ONCO,20250717 09:30:01.178000,4514116,1,67930,3.65,NQNX,12659
ONCO,20250717 09:30:01.507000,4532637,63,67993,3.61,NQEX,12659
ONCO,20250717 09:30:21.340000,4820509,2,67995,3.55,NQNX,12659
ONCO,20250717 09:30:27.221000,4854159,1,67996,3.57,NQNX,12659
ONCO,20250717 09:30:52.171000,4982466,8,68004,3.67,EDGX,12659
ONCO,20250717 09:30:52.177000,4982521,300,68304,3.69,NQNX,12544
ONCO,20250717 09:30:52.177000,4982523,392,68996,3.69,NQNX,12544
ONCO,20250717 09:30:52.177000,4982522,300,68604,3.69,NQNX,12544
ONCO,20250717 09:31:19.198000,5134921,25,69021,3.6,NQNX,12659
ONCO,20250717 09:31:26.159000,5178513,255,69276,3.65,NQEX,12544
ONCO,20250717 09:31:26.159000,5178514,545,69821,3.7,NQEX,12544
ONCO,20250717 09:31:26.160000,5178516,21,69842,3.69,NQNX,12659
ONCO,20250717 09:31:26.525000,5180312,2312,72154,3.7,NQNX,12544
ONCO,20250717 09:31:26.525000,5180313,2312,74466,3.69,NQNX,12544
ONCO,20250717 09:31:26.526000,5180315,171,74808,3.69,NQNX,12544
ONCO,20250717 09:31:26.526000,5180314,171,74637,3.7,NQNX,12544
ONCO,20250717 09:31:26.535000,5180346,100,74908,3.74,NQEX,12639
ONCO,20250717 09:31:26.536000,5180347,100,75008,3.69,NQNX,12544
ONCO,20250717 09:31:26.538000,5180351,780,76867,3.71,NQNX,12544
ONCO,20250717 09:31:26.538000,5180350,299,76087,3.75,PACF,12639
ONCO,20250717 09:31:26.538000,5180349,780,75788,3.75,NQEX,12639
ONCO,20250717 09:31:26.538000,5180352,299,77166,3.71,NQNX,12544
ONCO,20250717 09:31:26.540000,5180358,1,77168,3.71,NQNX,12659
ONCO,20250717 09:31:26.540000,5180356,1,77167,3.77,EDGX,12659
ONCO,20250717 09:31:26.542000,5180361,384,77552,3.78,NQEX,12639
ONCO,20250717 09:31:26.542000,5180362,384,77936,3.78,NQNX,12544
ONCO,20250717 09:31:26.542000,5180363,384,78320,3.71,NQNX,12544
ONCO,20250717 09:31:26.543000,5180367,384,78714,3.75,NQNX,12544
ONCO,20250717 09:31:26.543000,5180366,10,78330,3.76,NQNX,12659
ONCO,20250717 09:31:26.545000,5180375,100,78914,3.75,NQNX,12544
ONCO,20250717 09:31:26.545000,5180376,8,78922,3.77,PHIL,12659
ONCO,20250717 09:31:26.545000,5180374,100,78814,3.79,NQEX,12639
ONCO,20250717 09:31:26.546000,5180381,8,78938,3.75,NQNX,12659
ONCO,20250717 09:31:26.546000,5180382,1,78939,3.77,NQEX,12659
ONCO,20250717 09:31:26.546000,5180380,8,78930,3.79,NQEX,12659
ONCO,20250717 09:31:26.547000,5180391,1,79151,3.75,NQNX,12659
ONCO,20250717 09:31:26.547000,5180389,100,79149,3.75,NQNX,12544
ONCO,20250717 09:31:26.547000,5180390,1,79150,3.75,NQNX,12659
ONCO,20250717 09:31:26.547000,5180388,7,79049,3.77,NQEX,12659
ONCO,20250717 09:31:26.547000,5180387,1,79042,3.79,NQEX,12659
ONCO,20250717 09:31:26.547000,5180386,1,79041,3.79,NQEX,12659
ONCO,20250717 09:31:26.547000,5180384,1,78940,3.77,MIAX,12659
ONCO,20250717 09:31:26.547000,5180385,100,79040,3.77,NQEX,12639
ONCO,20250717 09:31:26.548000,5180399,338,80692,3.8,PACF,12639
ONCO,20250717 09:31:26.548000,5180400,100,80792,3.75,NQNX,12544
ONCO,20250717 09:31:26.548000,5180401,1000,81792,3.75,NQNX,12544
ONCO,20250717 09:31:26.548000,5180402,338,82130,3.75,NQNX,12544
ONCO,20250717 09:31:26.548000,5180403,7,82137,3.75,NQNX,12659
ONCO,20250717 09:31:26.548000,5180398,1000,80354,3.8,PACF,12639
ONCO,20250717 09:31:26.548000,5180397,100,79354,3.77,PACF,12639
ONCO,20250717 09:31:26.548000,5180394,7,79201,3.79,NQEX,12659
ONCO,20250717 09:31:26.548000,5180393,43,79194,3.8,MEMX,12659
ONCO,20250717 09:31:26.548000,5180395,43,79244,3.75,NQNX,12659
ONCO,20250717 09:31:26.548000,5180396,10,79254,3.79,NQNX,12659
ONCO,20250717 09:31:26.550000,5180406,100,82237,3.8,PACF,12639
ONCO,20250717 09:31:26.550000,5180407,100,82337,3.75,NQNX,12544
ONCO,20250717 09:31:26.552000,5180417,10,82357,3.75,NQNX,12659
ONCO,20250717 09:31:26.552000,5180415,10,82347,3.83,PACF,12659
ONCO,20250717 09:31:26.556000,5180424,100,82757,3.84,NQEX,12639
ONCO,20250717 09:31:26.556000,5180422,100,82457,3.84,NQEX,12639
ONCO,20250717 09:31:26.556000,5180423,200,82657,3.84,NQEX,12639
ONCO,20250717 09:31:26.556000,5180425,100,82857,3.81,NQEX,12639
ONCO,20250717 09:31:26.556000,5180426,100,82957,3.8,NQNX,12544
ONCO,20250717 09:31:26.556000,5180427,200,83157,3.8,NQNX,12544
ONCO,20250717 09:31:26.556000,5180428,100,83257,3.8,NQNX,12544
ONCO,20250717 09:31:26.558000,5180430,100,83357,3.81,NQEX,12639
ONCO,20250717 09:31:26.558000,5180431,100,83457,3.78,NQNX,12544
ONCO,20250717 09:31:26.560000,5180438,500,84496,3.78,NQNX,12544
ONCO,20250717 09:31:26.560000,5180437,37,83996,3.85,PACF,12659
ONCO,20250717 09:31:26.560000,5180436,500,83959,3.85,PACF,12639
ONCO,20250717 09:31:26.560000,5180435,1,83459,3.78,NQNX,12659
ONCO,20250717 09:31:26.560000,5180434,1,83458,3.85,EDGX,12659
ONCO,20250717 09:31:26.560000,5180439,37,84533,3.78,NQNX,12659
ONCO,20250717 09:31:26.564000,5180489,174,85065,3.86,PACF,12639
ONCO,20250717 09:31:26.564000,5180493,154,87614,3.82,NQNX,12544
ONCO,20250717 09:31:26.564000,5180488,20,84891,3.83,PHIL,12659
ONCO,20250717 09:31:26.564000,5180486,154,84871,3.86,NQEX,12639
ONCO,20250717 09:31:26.564000,5180485,184,84717,3.86,NQEX,12639
ONCO,20250717 09:31:26.564000,5180491,317,87276,3.86,PACF,12639
ONCO,20250717 09:31:26.564000,5180492,184,87460,3.82,NQNX,12544
ONCO,20250717 09:31:26.564000,5180494,21,87635,3.83,MIAX,12659
ONCO,20250717 09:31:26.564000,5180490,1894,86959,3.86,PACF,12639
ONCO,20250717 09:31:26.564000,5180495,5,87640,3.85,NQNX,12659
ONCO,20250717 09:31:26.564000,5180499,317,90125,3.82,NQNX,12544
ONCO,20250717 09:31:26.564000,5180498,1894,89808,3.82,NQNX,12544
ONCO,20250717 09:31:26.564000,5180496,100,87740,3.82,PHIL,12639
ONCO,20250717 09:31:26.564000,5180497,174,87914,3.82,NQNX,12544
ONCO,20250717 09:31:26.565000,5180502,100,90225,3.81,NQEX,12639
ONCO,20250717 09:31:30.041000,5199630,86,90311,3.7,NQNX,12659
ONCO,20250717 09:31:31.225000,5207194,16,90327,3.68,NQNX,12659
ONCO,20250717 09:31:33.477000,5219869,1,90328,3.76,NQNX,12659
ONCO,20250717 09:31:38.804000,5251627,100,90528,3.68,BOST,12544
ONCO,20250717 09:31:38.804000,5251629,100,90728,3.68,BATY,12544
ONCO,20250717 09:31:38.804000,5251626,100,90428,3.68,BOST,12544
ONCO,20250717 09:31:38.804000,5251628,100,90628,3.68,MEMX,12544
ONCO,20250717 09:31:38.804000,5251630,100,90828,3.68,EDGX,12544
ONCO,20250717 09:31:38.804000,5251632,100,91028,3.68,NQEX,12639
ONCO,20250717 09:31:38.804000,5251631,100,90928,3.68,NQEX,12639
ONCO,20250717 09:31:38.805000,5251649,850,92078,3.76,NQNX,12544
ONCO,20250717 09:31:38.805000,5251645,100,91228,3.68,AMEX,12544
ONCO,20250717 09:31:38.805000,5251644,100,91128,3.68,PACF,12544
ONCO,20250717 09:31:43.948000,5281694,349,92427,3.67,NQNX,12544
ONCO,20250717 09:32:04.725000,5389178,17,92444,3.74,NQNX,12659
ONCO,20250717 09:32:05.924000,5396719,200,92744,3.62,NQNX,12544
ONCO,20250717 09:32:05.924000,5396718,100,92544,3.69,NQNX,12544
ONCO,20250717 09:32:05.925000,5396724,100,92844,3.6,NQNX,12544
ONCO,20250717 09:32:05.928000,5396730,200,93044,3.69,NQNX,12544
ONCO,20250717 09:32:05.940000,5396764,200,93244,3.6,BTRF,12544
ONCO,20250717 09:32:06.541000,5399947,320,93564,3.6,NQNX,12544
ONCO,20250717 09:32:17.585000,5456700,1,93565,3.74,NQNX,12659
ONCO,20250717 09:32:30.091000,5519730,40,93605,3.67,NQNX,12659
ONCO,20250717 09:32:35.687000,5552009,37,93642,3.63,PACF,12659
ONCO,20250717 09:32:35.691000,5552063,163,94205,3.61,NYSE,12544
ONCO,20250717 09:32:35.691000,5552060,200,93842,3.61,BOST,12544
ONCO,20250717 09:32:35.691000,5552061,200,94042,3.61,BATY,12544
ONCO,20250717 09:32:45.374000,5613329,1000,95205,3.67,NQNX,12544
ONCO,20250717 09:32:48.948000,5628765,2,95207,3.67,NQNX,12659
ONCO,20250717 09:32:58.789000,5671311,5,95212,3.7,NQNX,12659
ONCO,20250717 09:33:05.153000,5703823,40,95252,3.7,PACF,12659
ONCO,20250717 09:33:07.638000,5715939,158,95410,3.67,NQNX,12544
ONCO,20250717 09:33:12.082000,5737159,1,95411,3.68,NQNX,12659
ONCO,20250717 09:33:13.606000,5743535,50,95461,3.67,NQNX,12659
ONCO,20250717 09:33:21.564000,5781148,50,95511,3.71,NQNX,12659
ONCO,20250717 09:33:27.962000,5812843,1000,96511,3.6,NQNX,12544
ONCO,20250717 09:33:37.233000,5853312,11,96522,3.7,NQNX,12659
ONCO,20250717 09:33:40.838000,5871277,1,96523,3.63,NQNX,12659
ONCO,20250717 09:33:58.943000,5955388,48,96571,3.67,PACF,12659
ONCO,20250717 09:33:58.986000,5955552,15,96586,3.65,NQNX,12659
ONCO,20250717 09:33:59.000000,5955583,5,96591,3.67,NQEX,12659
ONCO,20250717 09:33:59.001000,5955587,1995,98586,3.6,NQNX,12544
ONCO,20250717 09:33:59.712000,5958161,1,99087,3.62,EDGX,12659
ONCO,20250717 09:33:59.712000,5958169,41,99811,3.61,NQEX,12659
ONCO,20250717 09:33:59.712000,5958168,100,99770,3.61,NYSE,12544
ONCO,20250717 09:33:59.712000,5958167,15,99670,3.61,PACF,12659
ONCO,20250717 09:33:59.712000,5958165,132,99627,3.61,NQEX,12639
ONCO,20250717 09:33:59.712000,5958164,44,99495,3.61,NQEX,12659
ONCO,20250717 09:33:59.712000,5958163,264,99451,3.61,NQEX,12639
ONCO,20250717 09:33:59.712000,5958166,28,99655,3.61,NQEX,12659
ONCO,20250717 09:33:59.712000,5958171,30,99951,3.61,PACF,12659
ONCO,20250717 09:33:59.712000,5958170,110,99921,3.61,MEMX,12639
ONCO,20250717 09:33:59.712000,5958162,100,99187,3.61,NQEX,12639
ONCO,20250717 09:33:59.712000,5958158,200,98786,3.61,BOST,12544
ONCO,20250717 09:33:59.712000,5958160,200,99086,3.61,BATS,12544
ONCO,20250717 09:33:59.712000,5958159,100,98886,3.61,BATY,12544
ONCO,20250717 09:33:59.713000,5958173,73,100024,3.64,NQEX,12659
ONCO,20250717 09:33:59.713000,5958175,100,100224,3.63,NQEX,12639
ONCO,20250717 09:33:59.713000,5958174,100,100124,3.65,NQEX,12639
ONCO,20250717 09:33:59.714000,5958178,100,100424,3.63,NQNX,12544
ONCO,20250717 09:33:59.714000,5958179,984,101408,3.62,NQNX,12544
ONCO,20250717 09:33:59.714000,5958177,100,100324,3.61,NQNX,12544
ONCO,20250717 09:34:00.589000,5962168,100,101508,3.61,NQEX,12639
ONCO,20250717 09:34:00.590000,5962171,100,101608,3.61,NQNX,12544
ONCO,20250717 09:34:00.590000,5962172,100,101708,3.61,NQNX,12544
ONCO,20250717 09:34:00.590000,5962175,100,101808,3.61,IEX,12544
ONCO,20250717 09:34:00.592000,5962179,300,102108,3.6,NQNX,12544
ONCO,20250717 09:34:00.592000,5962181,700,103408,3.6,NQNX,12544
ONCO,20250717 09:34:00.592000,5962180,600,102708,3.6,NQNX,12544
ONCO,20250717 09:34:01.101000,5964567,2000,105408,3.6,NTRF,12544
ONCO,20250717 09:34:01.598000,5966906,100,105508,3.61,NQEX,12639
ONCO,20250717 09:34:01.600000,5966913,100,105608,3.61,NQNX,12544
ONCO,20250717 09:34:01.600000,5966915,100,105708,3.61,IEX,12544
ONCO,20250717 09:34:01.601000,5966918,600,106608,3.6,NQNX,12544
ONCO,20250717 09:34:01.601000,5966917,300,106008,3.6,NQNX,12544
ONCO,20250717 09:34:01.602000,5966919,400,107008,3.6,NQNX,12544
ONCO,20250717 09:34:01.602000,5966921,400,107408,3.6,NQNX,12544
ONCO,20250717 09:34:01.997000,5968813,15,108020,3.6,PACF,12659
ONCO,20250717 09:34:01.997000,5968815,68,108878,3.6,NQNX,12659
ONCO,20250717 09:34:01.997000,5968812,5,108005,3.6,PACF,12659
ONCO,20250717 09:34:01.997000,5968811,10,108000,3.6,PACF,12659
ONCO,20250717 09:34:01.997000,5968810,4,107990,3.58,NQEX,12659
ONCO,20250717 09:34:01.997000,5968809,68,107986,3.6,NQEX,12659
ONCO,20250717 09:34:01.997000,5968807,400,107918,3.6,NQEX,12639
ONCO,20250717 09:34:01.997000,5968806,110,107518,3.6,MEMX,12544
ONCO,20250717 09:34:01.997000,5968816,1,108879,3.56,PACF,12659
ONCO,20250717 09:34:01.997000,5968814,790,108810,3.56,EDGX,12639
ONCO,20250717 09:34:01.997000,5968817,39,108918,3.56,NQNX,12659
ONCO,20250717 09:34:01.997000,5968822,68,109157,3.55,PACF,12659
ONCO,20250717 09:34:01.997000,5968821,10,109089,3.56,PACF,12659
ONCO,20250717 09:34:01.997000,5968820,68,109079,3.56,PACF,12659
ONCO,20250717 09:34:01.997000,5968819,62,109011,3.56,PACF,12659
ONCO,20250717 09:34:01.997000,5968818,31,108949,3.56,PACF,12659
ONCO,20250717 09:34:01.998000,5968824,1,109158,3.55,PACF,12659
ONCO,20250717 09:34:01.999000,5968827,100,109258,3.56,EDGX,12544
ONCO,20250717 09:34:01.999000,5968828,1292,110550,3.55,EDGX,12544
ONCO,20250717 09:34:02.475000,5970927,1682,112232,3.55,NTRF,12544
ONCO,20250717 09:34:02.476000,5970933,318,112550,3.55,NTRF,12544
ONCO,20250717 09:34:02.685000,5971562,2000,114550,3.55,NQNX,12544
ONCO,20250717 09:34:03.111000,5973366,2000,116550,3.55,NTRF,12544
ONCO,20250717 09:34:05.994000,5988702,2000,118550,3.55,NTRF,12544
ONCO,20250717 09:34:15.904000,6033259,780,119330,3.6,NQNX,12544
ONCO,20250717 09:34:18.660000,6043586,100,119430,3.57,NQNX,12544
ONCO,20250717 09:34:20.215000,6050103,170,119600,3.56,NQNX,12544
ONCO,20250717 09:34:23.086000,6063584,10,119610,3.62,NQNX,12659
ONCO,20250717 09:34:32.150000,6107180,1000,120610,3.64,NTRF,12544
ONCO,20250717 09:34:36.446000,6124207,18,120628,3.61,NQNX,12659
ONCO,20250717 09:34:42.507000,6149570,500,121128,3.55,NQNX,12544
ONCO,20250717 09:34:53.953000,6197165,1000,122128,3.63,NQNX,12544
ONCO,20250717 09:34:54.852000,6200841,500,122628,3.56,NQNX,12544
ONCO,20250717 09:35:01.980000,6234582,500,123128,3.63,NQNX,12544
ONCO,20250717 09:35:10.433000,6277406,500,123628,3.56,NQNX,12544
ONCO,20250717 09:35:21.486000,6328267,500,124128,3.56,NQNX,12544
ONCO,20250717 09:35:22.783000,6334290,100,124528,3.69,EDGX,12544
ONCO,20250717 09:35:22.783000,6334293,100,124628,3.69,AMEX,12544
ONCO,20250717 09:35:22.783000,6334289,100,124428,3.69,BATY,12544
ONCO,20250717 09:35:22.783000,6334288,100,124328,3.69,BOST,12544
ONCO,20250717 09:35:22.783000,6334287,100,124228,3.69,BOST,12544
ONCO,20250717 09:35:22.784000,6334296,100,124728,3.69,MEMX,12544
ONCO,20250717 09:35:22.786000,6334299,100,124828,3.69,NQEX,12639
ONCO,20250717 09:35:22.786000,6334305,300,125128,3.69,NQNX,12544
ONCO,20250717 09:35:45.839000,6437292,250,125378,3.69,NQNX,12544
ONCO,20250717 09:35:52.973000,6469437,20,125398,3.58,NTRF,12659
ONCO,20250717 09:36:04.232000,6523595,328,126926,3.69,NQNX,12544
ONCO,20250717 09:36:04.232000,6523590,300,125698,3.69,NQNX,12544
ONCO,20250717 09:36:04.232000,6523593,300,125998,3.69,NQNX,12544
ONCO,20250717 09:36:04.232000,6523594,600,126598,3.69,NQNX,12544
ONCO,20250717 09:36:04.233000,6523598,4,126996,3.69,NQNX,12659
ONCO,20250717 09:36:04.233000,6523596,66,126992,3.69,NQNX,12659
ONCO,20250717 09:36:04.234000,6523599,402,127398,3.7,PACF,12544
ONCO,20250717 09:36:35.123000,6657989,1,127399,3.68,NQNX,12659
ONCO,20250717 09:37:17.491000,6815657,20,127419,3.64,NTRF,12659
ONCO,20250717 09:37:23.315000,6841502,250,127669,3.7,NQNX,12544
ONCO,20250717 09:37:24.249000,6844628,300,127969,3.66,NQNX,12544
ONCO,20250717 09:37:24.385000,6844903,100,128069,3.7,NQNX,12544
ONCO,20250717 09:37:28.500000,6858681,2,128073,3.69,NQNX,12659
ONCO,20250717 09:37:28.500000,6858680,2,128071,3.69,NQNX,12659
ONCO,20250717 09:37:51.872000,6937792,22,128096,3.59,NQNX,12659
ONCO,20250717 09:37:51.872000,6937790,1,128074,3.59,NQNX,12659
ONCO,20250717 09:38:33.126000,7084116,6,128102,3.59,NQNX,12659
ONCO,20250717 09:38:33.567000,7085278,1,128103,3.59,NQNX,12659
ONCO,20250717 09:38:58.169000,7163823,300,128403,3.62,NQNX,12544
ONCO,20250717 09:39:02.375000,7178825,1,128404,3.58,NQNX,12659
ONCO,20250717 09:39:02.828000,7180312,1,128405,3.57,NQNX,12659
ONCO,20250717 09:39:10.399000,7209942,1,128406,3.56,NQNX,12659
ONCO,20250717 09:39:19.848000,7238950,2,128408,3.58,NTRF,12659
ONCO,20250717 09:40:16.302000,7433109,50,128458,3.6,NQNX,12659
ONCO,20250717 09:40:22.094000,7454300,50,128508,3.57,NQNX,12659
ONCO,20250717 09:40:28.305000,7475779,250,128758,3.62,MEMX,12639
ONCO,20250717 09:40:31.454000,7487746,50,128808,3.63,NQNX,12659
ONCO,20250717 09:40:39.569000,7515576,50,128858,3.64,NQNX,12659
ONCO,20250717 09:40:48.851000,7540773,50,128908,3.58,NQNX,12659
ONCO,20250717 09:40:57.467000,7565884,50,128958,3.65,NQNX,12659
ONCO,20250717 09:41:08.046000,7604558,50,129008,3.58,NQNX,12659
ONCO,20250717 09:41:17.365000,7638815,15,129023,3.69,NQNX,12659
ONCO,20250717 09:41:17.738000,7640287,50,129073,3.65,NQNX,12659
ONCO,20250717 09:41:48.484000,7742274,10,129083,3.63,BATS,12659
ONCO,20250717 09:41:48.491000,7742287,390,130073,3.68,NQNX,12544
ONCO,20250717 09:41:48.491000,7742284,300,129383,3.68,NQNX,12544
ONCO,20250717 09:41:48.491000,7742286,300,129683,3.68,NQNX,12544
ONCO,20250717 09:41:56.173000,7763034,26,130099,3.69,NQNX,12659
ONCO,20250717 09:42:03.507000,7789721,1,130100,3.69,NQEX,12659
ONCO,20250717 09:42:04.776000,7794812,5,130105,3.68,NQNX,12659
ONCO,20250717 09:42:10.352000,7816673,25,130130,3.61,NQNX,12659
ONCO,20250717 09:42:15.570000,7838435,140,130270,3.62,NQNX,12544
ONCO,20250717 09:42:30.280000,7888739,499,130769,3.69,NQEX,12639
ONCO,20250717 09:42:30.280000,7888740,127,130896,3.69,NQEX,12639
ONCO,20250717 09:42:30.281000,7888742,100,130996,3.69,NQNX,12544
ONCO,20250717 09:42:30.282000,7888744,274,131270,3.69,NQNX,12544
ONCO,20250717 09:42:44.034000,7936378,94,131970,3.7,PACF,12659
ONCO,20250717 09:42:44.034000,7936379,38,132008,3.69,NQNX,12659
ONCO,20250717 09:42:44.034000,7936377,606,131876,3.7,PACF,12639
ONCO,20250717 09:42:44.045000,7936423,100,132108,3.7,BTRF,12544
ONCO,20250717 09:42:58.663000,7978100,5,132113,3.69,NQNX,12659
ONCO,20250717 09:43:06.101000,8005026,120,132233,3.7,EDGX,12544
ONCO,20250717 09:43:06.101000,8005030,108,132765,3.7,NQNX,12544
ONCO,20250717 09:43:06.101000,8005032,200,132971,3.7,PACF,12544
ONCO,20250717 09:43:06.101000,8005033,250,133221,3.7,PACF,12544
ONCO,20250717 09:43:06.101000,8005031,6,132771,3.7,PACF,12659
ONCO,20250717 09:43:06.101000,8005027,424,132657,3.7,EDGX,12544
ONCO,20250717 09:43:06.203000,8005576,1,133222,3.74,NQNX,12659
ONCO,20250717 09:43:14.704000,8033089,3,133225,3.74,NQNX,12659
ONCO,20250717 09:43:18.846000,8044650,75,133300,3.71,BATS,12659
ONCO,20250717 09:43:18.852000,8044664,25,133325,3.71,NQNX,12659
ONCO,20250717 09:43:36.973000,8096149,16,133341,3.74,NQNX,12659
ONCO,20250717 09:43:48.039000,8134775,300,133641,3.72,NQNX,12544
ONCO,20250717 09:44:07.346000,8196874,20,133661,3.72,NQNX,12659
ONCO,20250717 09:44:28.730000,8258861,100,133761,3.71,NQEX,12639
ONCO,20250717 09:44:28.731000,8258864,100,134051,3.75,MEMX,12544
ONCO,20250717 09:44:28.731000,8258867,100,134932,3.75,PACF,12544
ONCO,20250717 09:44:28.731000,8258865,1,134052,3.75,NQEX,12659
ONCO,20250717 09:44:28.731000,8258862,82,133843,3.74,EDGX,12659
ONCO,20250717 09:44:28.731000,8258866,780,134832,3.75,NQEX,12544
ONCO,20250717 09:44:28.731000,8258863,108,133951,3.74,EDGX,12544
ONCO,20250717 09:44:28.732000,8258870,1,135233,3.79,NQNX,12659
ONCO,20250717 09:44:28.732000,8258868,200,135132,3.76,MIAX,12544
ONCO,20250717 09:44:28.732000,8258869,100,135232,3.78,NQEX,12639
ONCO,20250717 09:44:28.732000,8258871,200,135433,3.79,PACF,12639
ONCO,20250717 09:44:28.733000,8258873,53,135486,3.8,BATS,12659
ONCO,20250717 09:44:28.733000,8258874,100,135586,3.83,NQEX,12639
ONCO,20250717 09:44:28.733000,8258875,52,135638,3.82,NQEX,12659
ONCO,20250717 09:44:28.734000,8258880,100,135838,3.84,NQEX,12639
ONCO,20250717 09:44:28.734000,8258886,2,135942,3.84,NQEX,12659
ONCO,20250717 09:44:28.734000,8258887,96,136038,3.85,NQEX,12659
ONCO,20250717 09:44:28.734000,8258888,2,136040,3.82,PACF,12659
ONCO,20250717 09:44:28.734000,8258889,2,136042,3.82,NYSE,12659
ONCO,20250717 09:44:28.734000,8258885,2,135940,3.84,NQEX,12659
ONCO,20250717 09:44:28.734000,8258879,52,135738,3.84,NQEX,12659
ONCO,20250717 09:44:28.734000,8258878,48,135686,3.82,NQEX,12659
ONCO,20250717 09:44:28.734000,8258884,100,135938,3.85,BATS,12544
ONCO,20250717 09:44:28.735000,8258891,100,136142,3.85,PACF,12544
ONCO,20250717 09:44:28.735000,8258894,100,136250,3.84,MEMX,12544
ONCO,20250717 09:44:28.735000,8258893,4,136150,3.84,MIAX,12659
ONCO,20250717 09:44:28.735000,8258892,4,136146,3.85,NQEX,12659
ONCO,20250717 09:44:28.735000,8258895,1236,137486,3.85,MEMX,12639
ONCO,20250717 09:44:28.736000,8258897,438,138698,3.85,MEMX,12639
ONCO,20250717 09:44:28.736000,8258898,172,138870,3.85,MEMX,12639
ONCO,20250717 09:44:28.736000,8258896,774,138260,3.85,MEMX,12639
ONCO,20250717 09:44:31.951000,8267119,94,138964,3.78,NQNX,12659
ONCO,20250717 09:44:48.685000,8316986,300,139268,3.72,NQEX,12639
ONCO,20250717 09:44:48.685000,8316987,300,139568,3.72,EDGX,12639
ONCO,20250717 09:44:48.685000,8316985,4,138968,3.72,NQEX,12659
ONCO,20250717 09:44:48.685000,8316988,1,139569,3.72,NQNX,12659
ONCO,20250717 09:44:48.686000,8316989,300,139869,3.72,PACF,12639
ONCO,20250717 09:44:50.564000,8321871,119,139988,3.71,NQEX,12544
ONCO,20250717 09:44:50.564000,8321873,181,140469,3.71,NQEX,12639
ONCO,20250717 09:44:50.564000,8321872,300,140288,3.71,EDGX,12639
ONCO,20250717 09:44:50.565000,8321874,300,140769,3.71,PACF,12639
ONCO,20250717 09:44:52.269000,8327189,408,141777,3.7,NQNX,12544
ONCO,20250717 09:44:52.269000,8327188,600,141369,3.7,NQNX,12544
ONCO,20250717 09:44:52.270000,8327193,149,141926,3.7,NQEX,12639
ONCO,20250717 09:44:52.995000,8329539,100,142526,3.64,EDGX,12544
ONCO,20250717 09:44:52.995000,8329540,100,142626,3.64,BATS,12544
ONCO,20250717 09:44:52.995000,8329541,100,142726,3.64,NQNX,12544
ONCO,20250717 09:44:52.995000,8329543,100,142826,3.64,PACF,12544
ONCO,20250717 09:44:52.995000,8329544,100,142926,3.64,CINC,12544
ONCO,20250717 09:44:52.995000,8329545,100,143026,3.64,IEX,12544
ONCO,20250717 09:44:52.995000,8329538,100,142426,3.64,EDGE,12544
ONCO,20250717 09:44:52.995000,8329534,100,142026,3.64,BOST,12544
ONCO,20250717 09:44:52.995000,8329535,100,142126,3.64,NQEX,12544
ONCO,20250717 09:44:52.995000,8329537,100,142326,3.64,BATY,12544
ONCO,20250717 09:44:52.995000,8329536,100,142226,3.64,MEMX,12544
ONCO,20250717 09:44:52.996000,8329549,600,143626,3.63,NQNX,12544
ONCO,20250717 09:44:52.997000,8329550,1,143627,3.63,NQNX,12659
ONCO,20250717 09:44:52.998000,8329551,100,143727,3.63,NQEX,12639
ONCO,20250717 09:44:53.109000,8329907,10,143737,3.7,NQNX,12659
ONCO,20250717 09:44:53.514000,8331236,200,143937,3.64,NTRF,12544
ONCO,20250717 09:44:54.192000,8333278,700,144637,3.56,NQNX,12544
ONCO,20250717 09:44:54.202000,8333303,416,145053,3.61,NQNX,12544
ONCO,20250717 09:44:54.203000,8333305,1,145054,3.61,EDGX,12659
ONCO,20250717 09:44:54.215000,8333326,100,145854,3.57,BATS,12544
ONCO,20250717 09:44:54.215000,8333324,200,145654,3.57,EDGE,12544
ONCO,20250717 09:44:54.215000,8333325,100,145754,3.57,BATY,12544
ONCO,20250717 09:44:54.215000,8333322,200,145254,3.57,BOST,12544
ONCO,20250717 09:44:54.215000,8333323,200,145454,3.57,NQEX,12544
ONCO,20250717 09:44:54.216000,8333328,100,146054,3.57,PACF,12544
ONCO,20250717 09:44:54.216000,8333327,100,145954,3.57,NYSE,12544
ONCO,20250717 09:44:54.217000,8333338,100,147337,3.56,NQNX,12544
ONCO,20250717 09:44:54.217000,8333346,500,148437,3.56,BATS,12544
ONCO,20250717 09:44:54.217000,8333339,100,147437,3.56,NQNX,12544
ONCO,20250717 09:44:54.217000,8333344,100,147637,3.56,NQNX,12544
ONCO,20250717 09:44:54.217000,8333345,300,147937,3.56,NQEX,12544
ONCO,20250717 09:44:54.217000,8333343,100,147537,3.56,NQNX,12544
ONCO,20250717 09:44:54.217000,8333337,100,147237,3.56,NQNX,12544
ONCO,20250717 09:44:54.217000,8333336,583,147137,3.56,NQNX,12544
ONCO,20250717 09:44:54.217000,8333332,100,146154,3.56,NQNX,12544
ONCO,20250717 09:44:54.217000,8333333,300,146454,3.56,BOST,12544
ONCO,20250717 09:44:54.217000,8333334,100,146554,3.56,NQNX,12544
ONCO,20250717 09:44:54.218000,8333353,200,148937,3.57,EDGX,12639
ONCO,20250717 09:44:54.218000,8333356,500,150537,3.56,MIAX,12639
ONCO,20250717 09:44:54.218000,8333355,1000,150037,3.56,EDGX,12639
ONCO,20250717 09:44:54.218000,8333354,100,149037,3.56,EDGX,12639
ONCO,20250717 09:44:54.218000,8333358,1,150538,3.56,PACF,12659
ONCO,20250717 09:44:54.218000,8333349,300,148737,3.56,NYSE,12544
ONCO,20250717 09:44:54.218000,8333359,100,150638,3.56,PACF,12639
ONCO,20250717 09:44:54.231000,8333386,100,151673,3.56,IEX,12544
ONCO,20250717 09:44:54.231000,8333387,100,151773,3.56,NQEX,12544
ONCO,20250717 09:44:54.231000,8333385,100,151573,3.56,PACF,12544
ONCO,20250717 09:44:54.231000,8333380,200,151038,3.56,NQEX,12544
ONCO,20250717 09:44:54.231000,8333383,35,151373,3.56,NQNX,12659
ONCO,20250717 09:44:54.231000,8333379,200,150838,3.56,BOST,12544
ONCO,20250717 09:44:54.231000,8333382,100,151338,3.56,BATS,12544
ONCO,20250717 09:44:54.231000,8333381,200,151238,3.56,BATY,12544
ONCO,20250717 09:44:54.231000,8333384,100,151473,3.56,NYSE,12544
ONCO,20250717 09:44:54.234000,8333394,200,152373,3.56,NYSE,12544
ONCO,20250717 09:44:54.234000,8333393,200,152173,3.56,PACF,12544
ONCO,20250717 09:44:54.234000,8333390,200,151973,3.56,NQEX,12544
ONCO,20250717 09:44:54.235000,8333401,100,152573,3.56,BATY,12544
ONCO,20250717 09:44:54.235000,8333400,100,152473,3.56,BATY,12544
ONCO,20250717 09:44:56.525000,8339565,30,152603,3.73,NQNX,12659
ONCO,20250717 09:44:57.653000,8342525,300,153503,3.56,PACF,12639
ONCO,20250717 09:44:57.653000,8342524,300,153203,3.56,EDGX,12639
ONCO,20250717 09:44:57.653000,8342523,300,152903,3.56,NQEX,12639
ONCO,20250717 09:44:58.337000,8344060,100,153603,3.59,NQNX,12544
ONCO,20250717 09:44:58.338000,8344062,100,153703,3.59,NQNX,12544
ONCO,20250717 09:44:58.338000,8344063,100,153803,3.59,NQNX,12544
ONCO,20250717 09:44:58.338000,8344065,100,153903,3.59,NQNX,12544
ONCO,20250717 09:44:58.340000,8344066,600,154503,3.55,NQNX,12544
ONCO,20250717 09:44:58.347000,8344090,21,154524,3.55,NQNX,12659
ONCO,20250717 09:45:01.262000,8357116,12706,167230,3.55,NQNX,12544
ONCO,20250717 09:45:01.266000,8357141,2000,169230,3.55,NQNX,12544
ONCO,20250717 09:45:10.626000,8396755,25,169255,3.62,EDGX,12659
ONCO,20250717 09:45:18.420000,8428019,1,169256,3.68,BATS,12659
ONCO,20250717 09:45:25.190000,8452294,6,169262,3.71,NQNX,12659
ONCO,20250717 09:46:00.332000,8572787,10,169272,3.79,NQNX,12659
ONCO,20250717 09:46:13.018000,8622369,1,169273,3.63,NTRF,12659
ONCO,20250717 09:46:13.169000,8622924,1,169274,3.71,NQNX,12659
ONCO,20250717 09:46:43.325000,8723259,84,169358,3.79,NQNX,12659
ONCO,20250717 09:46:49.237000,8742911,100,169458,3.81,NQNX,12544
ONCO,20250717 09:47:16.049000,8826263,1,169459,3.77,NQNX,12659
ONCO,20250717 09:47:16.051000,8826266,1,169460,3.8,NQNX,12659
ONCO,20250717 09:47:46.012000,8915917,5,169465,3.79,NQNX,12659
ONCO,20250717 09:47:46.376000,8917160,1200,170665,3.6,NQNX,12544
ONCO,20250717 09:47:46.382000,8917166,800,171465,3.6,EDGX,12639
ONCO,20250717 09:47:46.383000,8917167,800,172265,3.6,NQNX,12544
ONCO,20250717 09:47:46.387000,8917172,1000,173265,3.56,EDGX,12639
ONCO,20250717 09:47:46.387000,8917174,441,174147,3.56,MIAX,12639
ONCO,20250717 09:47:46.387000,8917173,441,173706,3.6,NQNX,12544
ONCO,20250717 09:47:46.391000,8917211,1930,181371,3.6,NQNX,12544
ONCO,20250717 09:47:46.391000,8917209,100,179441,3.55,BATY,12639
ONCO,20250717 09:47:46.391000,8917208,1930,179341,3.55,EDGX,12639
ONCO,20250717 09:47:46.391000,8917212,100,181471,3.6,NQNX,12544
ONCO,20250717 09:47:46.391000,8917206,1000,176411,3.6,NQNX,12544
ONCO,20250717 09:47:46.391000,8917207,1000,177411,3.55,NQNX,12544
ONCO,20250717 09:47:46.391000,8917204,632,174779,3.6,NQNX,12544
ONCO,20250717 09:47:46.391000,8917205,632,175411,3.55,NQNX,12544
ONCO,20250717 09:47:46.402000,8917356,1000,182471,3.6,BTRF,12544
ONCO,20250717 09:48:05.094000,8972648,20,182491,3.72,NQNX,12659
ONCO,20250717 09:48:14.434000,9001636,500,182991,3.63,NQNX,12544
ONCO,20250717 09:48:15.527000,9005195,270,183261,3.63,NQNX,12544
ONCO,20250717 09:48:24.296000,9030345,80,183341,3.7,NQNX,12659
ONCO,20250717 09:48:26.580000,9037417,590,183931,3.64,NQNX,12544
ONCO,20250717 09:48:44.004000,9081993,1,183932,3.7,NQNX,12659
ONCO,20250717 09:48:49.430000,9097554,1,183933,3.7,NQNX,12659
ONCO,20250717 09:49:33.506000,9219308,100,184033,3.69,PACF,12544
ONCO,20250717 09:49:33.506000,9219338,100,184533,3.7,PACF,12639
ONCO,20250717 09:49:33.506000,9219335,100,184433,3.7,PACF,12639
ONCO,20250717 09:49:33.506000,9219321,100,184333,3.7,PACF,12639
ONCO,20250717 09:49:33.506000,9219316,100,184233,3.7,PACF,12639
ONCO,20250717 09:49:33.506000,9219309,100,184133,3.69,PACF,12544
ONCO,20250717 09:49:33.507000,9219344,100,184633,3.7,PACF,12639
ONCO,20250717 09:49:33.507000,9219349,100,184733,3.7,PACF,12639
ONCO,20250717 09:49:33.508000,9219403,2,184735,3.7,NQNX,12659
ONCO,20250717 09:49:33.514000,9219486,600,185335,3.69,NQNX,12544
ONCO,20250717 09:49:33.515000,9219501,100,185435,3.69,NQNX,12544
ONCO,20250717 09:49:50.595000,9270242,600,186435,3.75,NQNX,12544
ONCO,20250717 09:49:50.595000,9270241,400,185835,3.75,NQNX,12544
ONCO,20250717 09:49:56.377000,9285167,254,186689,3.59,NQNX,12544
ONCO,20250717 09:50:20.709000,9361440,20,186709,3.7,NQNX,12659
ONCO,20250717 09:50:23.909000,9369403,12,187690,3.7,EDGX,12659
ONCO,20250717 09:50:23.909000,9369400,100,186809,3.7,NQNX,12544
ONCO,20250717 09:50:23.909000,9369402,869,187678,3.7,EDGX,12639
ONCO,20250717 09:50:23.910000,9369404,360,188050,3.7,EDGX,12639
ONCO,20250717 09:50:23.910000,9369405,180,188230,3.7,EDGX,12639
ONCO,20250717 09:50:23.911000,9369409,5,188235,3.64,PACF,12659
ONCO,20250717 09:50:23.932000,9369560,100,188335,3.73,NQNX,12544
ONCO,20250717 09:50:28.595000,9382227,29,188364,3.68,NQNX,12659
ONCO,20250717 09:50:45.766000,9430704,59,188423,3.65,NQNX,12659
ONCO,20250717 09:50:55.105000,9457172,25,188448,3.7,NQNX,12659
ONCO,20250717 09:51:02.697000,9481332,1,188449,3.71,NQNX,12659
ONCO,20250717 09:51:08.422000,9502224,350,188799,3.65,NQNX,12544
ONCO,20250717 09:52:08.169000,9684398,1,188800,3.69,NQNX,12659
ONCO,20250717 09:52:32.094000,9764105,25,188825,3.7,NQNX,12659
ONCO,20250717 09:52:50.871000,9813388,929,189805,3.65,NQEX,12639
ONCO,20250717 09:52:50.871000,9813387,51,188876,3.65,NQNX,12659
ONCO,20250717 09:52:50.872000,9813390,20,189825,3.65,PACF,12659
ONCO,20250717 09:53:20.087000,9905952,251,190076,3.65,NQEX,12639
ONCO,20250717 09:53:20.822000,9908000,15,190091,3.66,NQNX,12659
ONCO,20250717 09:53:30.675000,9935343,370,190461,3.65,NQEX,12639
ONCO,20250717 09:53:30.697000,9935377,64,190525,3.63,PACF,12659
ONCO,20250717 09:53:32.310000,9938963,250,190775,3.64,NQNX,12544
ONCO,20250717 09:53:50.261000,9992796,20,190795,3.64,NQNX,12659
ONCO,20250717 09:53:58.949000,10026906,1000,191795,3.64,NQNX,12544
ONCO,20250717 09:54:47.573000,10177733,25,191820,3.64,PACF,12659
ONCO,20250717 09:55:04.266000,10228849,1,191921,3.62,NQEX,12659
ONCO,20250717 09:55:04.266000,10228848,100,191920,3.62,MEMX,12639
ONCO,20250717 09:55:04.272000,10228861,125,192046,3.61,NQEX,12639
ONCO,20250717 09:55:42.632000,10368329,1,192047,3.62,NQNX,12659
ONCO,20250717 09:55:55.228000,10404752,186,192233,3.61,NQNX,12544
ONCO,20250717 09:56:12.226000,10457330,25,192258,3.62,NQNX,12659
ONCO,20250717 09:56:25.728000,10500119,20,192278,3.62,NTRF,12659
ONCO,20250717 09:56:31.574000,10515757,1,192279,3.63,NQNX,12659
ONCO,20250717 09:56:33.287000,10521144,124,192403,3.64,NQNX,12544
ONCO,20250717 09:56:50.611000,10567610,145,192548,3.64,NTRF,12544
ONCO,20250717 09:56:58.091000,10587423,4,192552,3.64,NQNX,12659
ONCO,20250717 09:57:07.943000,10617105,137,192689,3.61,EDGX,12639
ONCO,20250717 09:57:07.943000,10617106,137,192826,3.61,NQNX,12544
ONCO,20250717 09:57:07.947000,10617109,128,192954,3.6,NQEX,12639
ONCO,20250717 09:57:07.947000,10617113,10,192984,3.61,NQNX,12659
ONCO,20250717 09:57:07.947000,10617112,5,192974,3.6,MIAX,12659
ONCO,20250717 09:57:07.947000,10617111,5,192969,3.61,NQNX,12659
ONCO,20250717 09:57:07.947000,10617110,10,192964,3.6,EDGX,12659
ONCO,20250717 09:57:07.948000,10617114,50,193034,3.61,NQNX,12659
ONCO,20250717 09:57:07.948000,10617115,128,193162,3.61,NQNX,12544
ONCO,20250717 09:57:07.952000,10617118,1,193164,3.61,NQNX,12659
ONCO,20250717 09:57:07.952000,10617117,1,193163,3.59,PACF,12659
ONCO,20250717 09:57:07.955000,10617122,100,193264,3.56,MEMX,12639
ONCO,20250717 09:57:07.955000,10617123,100,193364,3.56,EDGX,12639
ONCO,20250717 09:57:07.956000,10617124,100,193464,3.61,NQNX,12544
ONCO,20250717 09:57:07.956000,10617130,41,193971,3.6,BATS,12659
ONCO,20250717 09:57:07.956000,10617125,100,193564,3.61,NQNX,12544
ONCO,20250717 09:57:07.956000,10617136,9,194336,3.62,NQEX,12659
ONCO,20250717 09:57:07.956000,10617135,15,194327,3.61,NQEX,12659
ONCO,20250717 09:57:07.956000,10617138,40,194416,3.62,BATS,12659
ONCO,20250717 09:57:07.956000,10617133,41,194272,3.6,MIAX,12659
ONCO,20250717 09:57:07.956000,10617132,219,194231,3.6,NQNX,12544
ONCO,20250717 09:57:07.956000,10617131,41,194012,3.6,EDGX,12659
ONCO,20250717 09:57:07.956000,10617134,40,194312,3.6,NYSE,12659
ONCO,20250717 09:57:07.956000,10617137,40,194376,3.62,BATY,12659
ONCO,20250717 09:57:07.956000,10617126,5,193569,3.6,NQNX,12659
ONCO,20250717 09:57:07.956000,10617139,40,194456,3.62,EDGX,12659
ONCO,20250717 09:57:07.956000,10617141,40,194534,3.62,EDGX,12659
ONCO,20250717 09:57:07.956000,10617140,38,194494,3.62,BATS,12659
ONCO,20250717 09:57:07.956000,10617127,100,193669,3.59,NQEX,12639
ONCO,20250717 09:57:07.956000,10617128,219,193888,3.56,PACF,12639
ONCO,20250717 09:57:07.956000,10617129,42,193930,3.6,MEMX,12659
ONCO,20250717 09:57:07.957000,10617144,15,194591,3.62,NQEX,12659
ONCO,20250717 09:57:07.957000,10617143,40,194576,3.62,EDGE,12659
ONCO,20250717 09:57:07.957000,10617146,61,194713,3.62,PACF,12659
ONCO,20250717 09:57:07.957000,10617145,61,194652,3.62,PACF,12659
ONCO,20250717 09:57:07.957000,10617142,2,194536,3.62,BATS,12659
ONCO,20250717 09:57:07.964000,10617149,200,194913,3.59,NQNX,12544
ONCO,20250717 09:57:22.368000,10667914,6,194919,3.6,NQNX,12659
ONCO,20250717 09:57:28.919000,10685596,2,194921,3.62,NQNX,12659
ONCO,20250717 09:58:32.644000,10858213,10,194931,3.6,NTRF,12659
ONCO,20250717 09:58:40.168000,10877464,3,194934,3.68,NQNX,12659
ONCO,20250717 09:59:05.286000,10946308,10,194944,3.65,NQNX,12659
ONCO,20250717 09:59:07.974000,10952869,170,195114,3.69,NQNX,12544
ONCO,20250717 09:59:37.510000,11041423,400,195514,3.59,NQNX,12544
ONCO,20250717 09:59:37.518000,11041432,1100,196614,3.59,NQNX,12544
ONCO,20250717 09:59:37.519000,11041438,1100,197714,3.59,NQNX,12544
ONCO,20250717 10:00:20.681000,11181288,130,197844,3.61,NTRF,12544
ONCO,20250717 10:00:29.066000,11208727,100,198344,3.68,NYSE,12544
ONCO,20250717 10:00:29.066000,11208725,100,198244,3.68,BATY,12544
ONCO,20250717 10:00:29.066000,11208724,100,198144,3.68,BATY,12544
ONCO,20250717 10:00:29.066000,11208723,100,198044,3.68,BOST,12544
ONCO,20250717 10:00:29.066000,11208722,100,197944,3.68,BOST,12544
ONCO,20250717 10:00:29.066000,11208729,100,198544,3.68,PACF,12544
ONCO,20250717 10:00:29.066000,11208730,100,198644,3.68,NQNX,12544
ONCO,20250717 10:00:29.066000,11208728,100,198444,3.68,PACF,12544
ONCO,20250717 10:00:43.553000,11258573,800,199444,3.59,NQNX,12544
ONCO,20250717 10:01:13.813000,11361409,489,199933,3.69,NQNX,12544
ONCO,20250717 10:01:31.615000,11426649,25,199958,3.66,NQNX,12659
ONCO,20250717 10:01:40.326000,11457381,99,200058,3.64,NQEX,12659
ONCO,20250717 10:01:40.326000,11457380,1,199959,3.65,NQEX,12659
ONCO,20250717 10:03:39.052000,11828619,18,200076,3.67,NQNX,12659
ONCO,20250717 10:03:44.445000,11842734,82,200158,3.68,NQNX,12659
ONCO,20250717 10:04:09.841000,11920599,5,200163,3.63,NQNX,12659
ONCO,20250717 10:04:10.686000,11922993,10,200173,3.66,NQNX,12659
ONCO,20250717 10:04:44.516000,12014824,10,200183,3.6,NQNX,12659
ONCO,20250717 10:04:46.072000,12019925,1,200184,3.67,NQNX,12659
ONCO,20250717 10:04:57.037000,12046615,1,200185,3.68,NQNX,12659
ONCO,20250717 10:05:13.498000,12093925,30,200215,3.68,NQNX,12659
ONCO,20250717 10:05:27.934000,12144173,764,201215,3.6,NQNX,12544
ONCO,20250717 10:05:27.934000,12144172,236,200451,3.6,NQNX,12544
ONCO,20250717 10:05:39.609000,12181096,1,201216,3.68,NQNX,12659
ONCO,20250717 10:05:53.465000,12218847,5,201221,3.61,NQNX,12659
ONCO,20250717 10:06:07.574000,12260644,50,201271,3.62,NQNX,12659
ONCO,20250717 10:06:22.919000,12312359,108,201379,3.66,NTRF,12544
ONCO,20250717 10:06:43.489000,12376659,100,201479,3.68,NQNX,12544
ONCO,20250717 10:06:53.974000,12410844,30,201509,3.62,NQNX,12659
ONCO,20250717 10:07:07.685000,12452314,10,201519,3.61,NTRF,12659
ONCO,20250717 10:07:43.208000,12545163,10,201529,3.63,NQEX,12659
ONCO,20250717 10:07:43.881000,12546761,50,201579,3.68,NQNX,12659
ONCO,20250717 10:07:47.547000,12555484,95,201674,3.68,NQNX,12659
ONCO,20250717 10:07:54.588000,12572782,100,201774,3.67,NQNX,12544
ONCO,20250717 10:08:18.613000,12643354,174,201948,3.61,NQNX,12544
ONCO,20250717 10:08:58.942000,12758632,200,202148,3.65,NTRF,12544
ONCO,20250717 10:09:12.948000,12797660,99,202247,3.61,NQNX,12659
ONCO,20250717 10:09:28.434000,12837395,200,202447,3.67,NQNX,12544
ONCO,20250717 10:09:43.704000,12873536,3,202450,3.68,NQNX,12659
ONCO,20250717 10:10:28.762000,13001812,13,202463,3.67,NQNX,12659
ONCO,20250717 10:10:29.431000,13003444,60,202523,3.62,NQNX,12659
ONCO,20250717 10:11:12.950000,13125916,101,202624,3.67,NQNX,12544
ONCO,20250717 10:12:11.610000,13300440,8,202632,3.65,NQNX,12659
ONCO,20250717 10:12:16.929000,13317899,700,203332,3.61,NQNX,12544
ONCO,20250717 10:12:16.931000,13317902,103,203698,3.61,NQNX,12544
ONCO,20250717 10:12:16.931000,13317901,263,203595,3.61,NQNX,12544
ONCO,20250717 10:13:12.332000,13481008,135,203833,3.61,NQNX,12544
ONCO,20250717 10:13:23.858000,13511534,30,203863,3.64,NTRF,12659
ONCO,20250717 10:13:34.171000,13535432,1,203864,3.64,BATS,12659
ONCO,20250717 10:14:34.633000,13701228,15,204741,3.62,NQNX,12659
ONCO,20250717 10:14:34.633000,13701227,8,204726,3.62,NQNX,12659
ONCO,20250717 10:14:34.633000,13701222,205,204514,3.62,NQNX,12544
ONCO,20250717 10:14:34.633000,13701224,82,204676,3.62,NQNX,12659
ONCO,20250717 10:14:34.633000,13701225,9,204685,3.62,NQNX,12659
ONCO,20250717 10:14:34.633000,13701229,8,204749,3.62,NQNX,12659
ONCO,20250717 10:14:34.633000,13701226,33,204718,3.62,NQNX,12659
ONCO,20250717 10:14:34.633000,13701223,80,204594,3.62,NQNX,12659
ONCO,20250717 10:14:34.633000,13701215,82,204231,3.62,EDGX,12659
ONCO,20250717 10:14:34.633000,13701220,8,204304,3.62,EDGX,12659
ONCO,20250717 10:14:34.633000,13701219,15,204296,3.62,EDGX,12659
ONCO,20250717 10:14:34.633000,13701218,8,204281,3.62,EDGX,12659
ONCO,20250717 10:14:34.633000,13701217,33,204273,3.62,EDGX,12659
ONCO,20250717 10:14:34.633000,13701221,5,204309,3.62,EDGX,12659
ONCO,20250717 10:14:34.633000,13701216,9,204240,3.62,EDGX,12659
ONCO,20250717 10:14:34.633000,13701214,80,204149,3.62,EDGX,12659
ONCO,20250717 10:14:34.633000,13701213,205,204069,3.62,EDGX,12639
ONCO,20250717 10:14:34.634000,13701230,5,204754,3.62,NQNX,12659
ONCO,20250717 10:14:53.705000,13753326,77,204832,3.61,PACF,12659
ONCO,20250717 10:14:53.705000,13753327,45,204877,3.61,PACF,12659
ONCO,20250717 10:14:53.705000,13753325,1,204755,3.61,PACF,12659
ONCO,20250717 10:15:18.845000,13829905,90,204967,3.62,NQNX,12659
ONCO,20250717 10:15:26.095000,13850416,3500,208467,3.6,NQNX,12544
ONCO,20250717 10:15:35.054000,13873343,300,208767,3.6,NQNX,12544
ONCO,20250717 10:15:38.142000,13883197,316,209083,3.6,PACF,12639
ONCO,20250717 10:15:38.142000,13883199,336,209419,3.6,PACF,12639
ONCO,20250717 10:15:38.142000,13883200,237,209656,3.6,PACF,12639
ONCO,20250717 10:15:38.142000,13883201,141,209797,3.6,PACF,12639
ONCO,20250717 10:15:38.142000,13883210,21,209818,3.61,NQNX,12659
ONCO,20250717 10:15:43.705000,13906155,30,209848,3.59,PACF,12659
ONCO,20250717 10:15:43.705000,13906156,1,209849,3.59,MEMX,12659
ONCO,20250717 10:16:09.693000,13978840,13,209862,3.59,NQEX,12659
ONCO,20250717 10:16:14.594000,13993526,150,210012,3.6,NQNX,12544
ONCO,20250717 10:16:45.852000,14090863,100,210112,3.57,NQNX,12544
ONCO,20250717 10:16:46.972000,14093855,100,210312,3.58,PACF,12544
ONCO,20250717 10:16:46.972000,14093852,100,210212,3.58,NQEX,12544
ONCO,20250717 10:16:46.974000,14093858,100,210412,3.59,NQNX,12544
ONCO,20250717 10:16:46.974000,14093859,100,210512,3.59,NQNX,12544
ONCO,20250717 10:16:46.975000,14093864,100,210978,3.6,EDGX,12639
ONCO,20250717 10:16:46.975000,14093860,100,210612,3.59,NQNX,12544
ONCO,20250717 10:16:46.975000,14093865,34,211012,3.6,EDGX,12659
ONCO,20250717 10:16:46.975000,14093863,100,210878,3.6,NQEX,12639
ONCO,20250717 10:16:46.975000,14093862,100,210778,3.6,NQEX,12639
ONCO,20250717 10:16:46.975000,14093861,66,210678,3.59,NQNX,12659
ONCO,20250717 10:16:46.976000,14093867,100,211121,3.6,EDGX,12639
ONCO,20250717 10:16:46.976000,14093869,100,211221,3.58,NQNX,12544
ONCO,20250717 10:16:46.976000,14093866,9,211021,3.6,BATY,12659
ONCO,20250717 10:16:46.977000,14093870,100,211321,3.58,NQNX,12544
ONCO,20250717 10:16:46.977000,14093871,100,211421,3.58,NQNX,12544
ONCO,20250717 10:16:46.977000,14093872,66,211487,3.58,NQNX,12659
ONCO,20250717 10:16:46.978000,14093877,100,211721,3.58,NQNX,12544
ONCO,20250717 10:16:46.978000,14093874,34,211621,3.58,NQNX,12659
ONCO,20250717 10:16:46.978000,14093882,100,211821,3.58,NQNX,12544
ONCO,20250717 10:16:46.978000,14093873,100,211587,3.58,NQNX,12544
ONCO,20250717 10:16:46.997000,14093969,100,211921,3.58,NQNX,12544
ONCO,20250717 10:17:49.837000,14267984,58,211979,3.59,NQNX,12659
ONCO,20250717 10:17:57.828000,14287516,550,212529,3.58,NQNX,12544
ONCO,20250717 10:18:10.240000,14323241,2,212531,3.58,MEMX,12659
ONCO,20250717 10:18:10.240000,14323242,100,212631,3.58,NQNX,12544
ONCO,20250717 10:18:23.457000,14358650,897,213529,3.58,PACF,12639
ONCO,20250717 10:18:23.457000,14358651,16,213545,3.58,EDGX,12659
ONCO,20250717 10:18:23.457000,14358652,84,213629,3.58,EDGX,12659
ONCO,20250717 10:18:23.457000,14358649,1,212632,3.58,PACF,12659
ONCO,20250717 10:18:23.458000,14358653,100,213729,3.58,NQEX,12639
ONCO,20250717 10:18:27.052000,14368064,100,213829,3.59,MEMX,12544
ONCO,20250717 10:18:27.058000,14368076,1,214119,3.62,NQEX,12659
ONCO,20250717 10:18:27.058000,14368077,1,214120,3.61,EDGX,12659
ONCO,20250717 10:18:27.058000,14368078,77,214197,3.62,NQNX,12659
ONCO,20250717 10:18:27.058000,14368071,11,213840,3.61,BATY,12659
ONCO,20250717 10:18:27.058000,14368072,1,213841,3.6,MIAX,12659
ONCO,20250717 10:18:27.058000,14368073,100,213941,3.61,NQEX,12639
ONCO,20250717 10:18:27.058000,14368074,77,214018,3.62,NQEX,12659
ONCO,20250717 10:18:27.058000,14368075,100,214118,3.62,NQEX,12639
ONCO,20250717 10:18:27.059000,14368079,100,214297,3.62,NQNX,12544
ONCO,20250717 10:18:51.936000,14439017,45,214342,3.67,NQNX,12659
ONCO,20250717 10:19:04.144000,14470287,200,214542,3.68,NQNX,12544
ONCO,20250717 10:19:19.826000,14508362,1,214543,3.63,NQNX,12659
ONCO,20250717 10:19:53.145000,14598379,15,214558,3.63,NQNX,12659
ONCO,20250717 10:20:03.663000,14638114,12,214570,3.59,NTRF,12659
ONCO,20250717 10:21:26.993000,14862918,81,214651,3.61,NQNX,12659
ONCO,20250717 10:21:32.298000,14874440,2,214653,3.61,NQNX,12659
ONCO,20250717 10:23:25.004000,15187436,81,214734,3.64,NQNX,12659
ONCO,20250717 10:23:41.619000,15228588,13,214747,3.61,NQNX,12659
ONCO,20250717 10:23:41.620000,15228590,100,214847,3.6,BOST,12544
ONCO,20250717 10:23:41.622000,15228595,1687,216534,3.6,EDGX,12544
ONCO,20250717 10:23:41.623000,15228597,3135,219669,3.6,NQNX,12544
ONCO,20250717 10:23:41.624000,15228598,65,219734,3.6,NQNX,12659
ONCO,20250717 10:24:48.739000,15389892,10,219744,3.67,NQNX,12659
ONCO,20250717 10:24:55.086000,15405731,200,219944,3.64,NQNX,12544
ONCO,20250717 10:26:12.426000,15585998,300,220244,3.66,NQNX,12544
ONCO,20250717 10:26:26.123000,15623324,1,220245,3.63,NQEX,12659
ONCO,20250717 10:26:26.124000,15623325,71,220316,3.61,NQNX,12659
ONCO,20250717 10:26:52.789000,15687097,1,220317,3.6,NQNX,12659
ONCO,20250717 10:27:13.504000,15740358,90,220407,3.63,BOST,12659
ONCO,20250717 10:27:58.701000,15853386,100,220507,3.63,NQNX,12544
ONCO,20250717 10:28:03.871000,15866255,188,220695,3.64,NQNX,12544
ONCO,20250717 10:28:41.442000,15962387,250,220945,3.63,NQNX,12544
ONCO,20250717 10:29:27.508000,16075069,250,221195,3.63,NQNX,12544
ONCO,20250717 10:29:44.502000,16112690,1,221196,3.64,NQEX,12659
ONCO,20250717 10:29:44.973000,16114307,10,221206,3.63,BOST,12659
ONCO,20250717 10:30:13.821000,16183517,1,221207,3.63,NQNX,12659
ONCO,20250717 10:30:17.336000,16191931,1,221208,3.63,NQNX,12659
ONCO,20250717 10:30:18.193000,16193693,1,221209,3.62,NQNX,12659
ONCO,20250717 10:30:22.269000,16201863,1,221210,3.63,NQNX,12659
ONCO,20250717 10:31:06.921000,16306439,188,221398,3.61,NTRF,12544
ONCO,20250717 10:31:06.922000,16306440,12,221410,3.61,NTRF,12659
ONCO,20250717 10:31:37.155000,16380421,36,221446,3.63,NQNX,12659
ONCO,20250717 10:32:06.821000,16440570,105,221551,3.6,NQNX,12544
ONCO,20250717 10:32:21.958000,16474766,250,221801,3.6,BATS,12639
ONCO,20250717 10:32:42.948000,16520197,1,221802,3.6,EDGX,12659
ONCO,20250717 10:33:03.532000,16566413,90,221892,3.62,NQNX,12659
ONCO,20250717 10:33:21.154000,16611349,488,222392,3.6,EDGX,12639
ONCO,20250717 10:33:21.154000,16611348,12,221904,3.6,EDGX,12659
ONCO,20250717 10:33:57.553000,16689618,1,222393,3.62,NQNX,12659
ONCO,20250717 10:33:57.868000,16690146,1,222394,3.62,NQNX,12659
ONCO,20250717 10:33:57.973000,16690278,19,222413,3.62,NQNX,12659
ONCO,20250717 10:34:17.080000,16738590,1,222414,3.62,NQNX,12659
ONCO,20250717 10:34:24.166000,16752020,118,222532,3.62,PACF,12639
ONCO,20250717 10:34:24.167000,16752026,23,222555,3.62,PACF,12659
ONCO,20250717 10:34:31.861000,16769118,180,222735,3.62,NQNX,12544
ONCO,20250717 10:34:31.862000,16769119,56,222791,3.62,NQNX,12659
ONCO,20250717 10:34:31.862000,16769122,247,223197,3.62,NQNX,12544
ONCO,20250717 10:34:31.862000,16769121,100,222950,3.63,EDGX,12544
ONCO,20250717 10:34:31.862000,16769120,59,222850,3.62,NQNX,12659
ONCO,20250717 10:34:31.863000,16769124,17,223214,3.63,PACF,12659
ONCO,20250717 10:34:31.913000,16769188,100,223314,3.63,EDGX,12544
ONCO,20250717 10:34:55.840000,16826950,11,223325,3.64,NQNX,12659
ONCO,20250717 10:35:41.879000,16927298,54,223379,3.62,NQNX,12659
ONCO,20250717 10:35:48.711000,16941491,50,223429,3.61,NQNX,12659
ONCO,20250717 10:36:05.548000,16978077,60,223489,3.63,NQNX,12659
ONCO,20250717 10:36:07.563000,16983128,100,223589,3.6,NQNX,12544
ONCO,20250717 10:36:12.584000,16996698,14,223603,3.62,PACF,12659
ONCO,20250717 10:36:53.378000,17090216,50,223653,3.64,NQNX,12659
ONCO,20250717 10:37:23.413000,17160868,50,223703,3.63,NQNX,12659
ONCO,20250717 10:37:25.338000,17170370,50,223753,3.64,NQNX,12659
ONCO,20250717 10:37:31.598000,17186174,30,223783,3.6,NQNX,12659
ONCO,20250717 10:37:43.343000,17222876,377,224160,3.65,NQNX,12544
ONCO,20250717 10:37:43.355000,17222888,3,224163,3.65,NQNX,12640
ONCO,20250717 10:37:44.284000,17224870,100,224263,3.6,EDGX,12544
ONCO,20250717 10:37:44.287000,17224882,39,224313,3.62,NTRF,12659
ONCO,20250717 10:37:44.287000,17224881,11,224274,3.62,NTRF,12659
ONCO,20250717 10:37:44.842000,17226320,4,224317,3.64,NQNX,12659
ONCO,20250717 10:37:47.087000,17238567,28,224345,3.63,NQNX,12659
ONCO,20250717 10:38:43.878000,17364213,75,224420,3.61,NQNX,12659
ONCO,20250717 10:38:47.466000,17372730,5,224425,3.6,NQNX,12659
ONCO,20250717 10:39:31.567000,17463693,36,224461,3.6,EDGX,12659
ONCO,20250717 10:40:00.162000,17521612,1,224462,3.62,NQEX,12659
ONCO,20250717 10:40:06.723000,17537427,40,224502,3.6,EDGX,12659
ONCO,20250717 10:40:06.723000,17537428,40,224542,3.6,NQNX,12659
ONCO,20250717 10:40:11.108000,17549454,60,224602,3.64,NQNX,12659
ONCO,20250717 10:40:25.555000,17582996,12,224614,3.6,NQNX,12659
ONCO,20250717 10:40:57.652000,17650414,230,226228,3.6,EDGX,12639
ONCO,20250717 10:40:57.652000,17650413,344,225998,3.6,EDGX,12639
ONCO,20250717 10:40:57.652000,17650411,1040,225654,3.6,EDGX,12639
ONCO,20250717 10:40:57.655000,17650422,1,226229,3.56,NQNX,12659
ONCO,20250717 10:40:57.659000,17650428,1,226230,3.57,NQNX,12659
ONCO,20250717 10:41:38.639000,17733019,180,226410,3.62,NQNX,12544
ONCO,20250717 10:41:43.249000,17742446,5,226415,3.62,MEMX,12659
ONCO,20250717 10:42:21.125000,17820271,30,226445,3.58,NQNX,12659
ONCO,20250717 10:42:27.193000,17832273,443,226888,3.62,NQNX,12544
ONCO,20250717 10:42:31.829000,17840274,30,226918,3.6,NQNX,12659
ONCO,20250717 10:43:46.286000,17988949,1,226919,3.61,NQNX,12659
ONCO,20250717 10:43:50.543000,17997096,100,227019,3.62,NQNX,12544
ONCO,20250717 10:43:52.203000,18000338,100,227119,3.62,EDGX,12544
ONCO,20250717 10:43:52.204000,18000339,100,227219,3.62,NQEX,12639
ONCO,20250717 10:43:52.209000,18000358,37,227256,3.62,NQNX,12659
ONCO,20250717 10:44:15.709000,18047764,459,227715,3.62,NQNX,12544
ONCO,20250717 10:44:15.709000,18047767,200,227915,3.62,NQNX,12544
ONCO,20250717 10:44:49.147000,18113776,120,228155,3.6,NQNX,12544
ONCO,20250717 10:44:49.147000,18113775,120,228035,3.6,MIAX,12639
ONCO,20250717 10:44:54.701000,18124825,1,228156,3.6,NQNX,12659
ONCO,20250717 10:45:17.827000,18175182,10,228166,3.61,NQNX,12659
ONCO,20250717 10:45:21.728000,18184524,215,228381,3.61,NQNX,12544
ONCO,20250717 10:45:35.293000,18216541,100,229081,3.62,EDGX,12639
ONCO,20250717 10:45:35.293000,18216540,100,228981,3.62,NQEX,12639
ONCO,20250717 10:45:35.293000,18216535,250,228881,3.61,NQNX,12544
ONCO,20250717 10:45:35.293000,18216534,250,228631,3.62,NQNX,12544
ONCO,20250717 10:45:35.294000,18216542,100,229181,3.62,EDGX,12639
ONCO,20250717 10:45:35.294000,18216543,2,229183,3.62,NQEX,12659
ONCO,20250717 10:45:35.294000,18216545,2,229187,3.61,NQNX,12659
ONCO,20250717 10:45:35.294000,18216546,2,229189,3.61,NQNX,12659
ONCO,20250717 10:45:35.294000,18216544,2,229185,3.62,NQEX,12659
ONCO,20250717 10:45:35.300000,18216550,79,229268,3.63,EDGX,12659
ONCO,20250717 10:45:35.300000,18216551,237,229505,3.63,EDGX,12639
ONCO,20250717 10:45:35.300000,18216552,364,229869,3.63,EDGX,12639
ONCO,20250717 10:45:35.300000,18216553,211,230080,3.63,EDGX,12639
ONCO,20250717 10:45:35.396000,18216690,49,230129,3.64,NQEX,12659
ONCO,20250717 10:45:35.396000,18216692,109,230238,3.64,PACF,12544
ONCO,20250717 10:47:22.300000,18433334,705,230943,3.64,NQNX,12544
ONCO,20250717 10:47:22.302000,18433337,100,231043,3.65,NQEX,12639
ONCO,20250717 10:47:22.303000,18433339,195,231238,3.65,PACF,12639
ONCO,20250717 10:47:24.424000,18436982,20,231258,3.65,NQNX,12659
ONCO,20250717 10:47:56.646000,18504814,49,231307,3.65,NQNX,12659
ONCO,20250717 10:48:09.330000,18536933,5,231312,3.65,NTRF,12659
ONCO,20250717 10:49:17.937000,18685197,27,231339,3.64,NQNX,12659
ONCO,20250717 10:49:27.267000,18702062,535,232409,3.62,NQNX,12544
ONCO,20250717 10:49:27.267000,18702061,535,231874,3.62,NQNX,12544
ONCO,20250717 10:49:27.533000,18702630,1,232410,3.62,NQNX,12659
ONCO,20250717 10:49:37.268000,18721790,7,232417,3.63,NQEX,12659
ONCO,20250717 10:49:37.268000,18721791,7,232424,3.63,NQEX,12659
ONCO,20250717 10:50:14.331000,18806022,1,232425,3.62,NQNX,12659
ONCO,20250717 10:50:22.037000,18822336,2,232427,3.67,NQNX,12659
ONCO,20250717 10:50:29.238000,18835704,21,232448,3.62,NQNX,12659
ONCO,20250717 10:50:29.240000,18835761,879,233327,3.62,NQEX,12544
ONCO,20250717 10:50:29.240000,18835770,100,233427,3.62,PACF,12544
ONCO,20250717 10:50:29.743000,18836716,50,233477,3.63,NQNX,12659
ONCO,20250717 10:50:53.364000,18882789,63,233540,3.67,NQNX,12659
ONCO,20250717 10:53:18.393000,19178062,1,233541,3.63,EDGX,12659
ONCO,20250717 10:53:18.399000,19178075,299,233840,3.62,NQEX,12544
ONCO,20250717 10:53:18.401000,19178077,23,233863,3.62,NQNX,12659
ONCO,20250717 10:53:19.671000,19182048,50,233913,3.64,NQNX,12659
ONCO,20250717 10:53:33.095000,19211499,60,233973,3.62,NQNX,12659
ONCO,20250717 10:55:27.712000,19456001,9,233982,3.64,NQNX,12659
ONCO,20250717 10:55:33.482000,19466062,420,234402,3.62,NQNX,12544
ONCO,20250717 10:56:12.136000,19548161,5,234407,3.64,NQNX,12659
ONCO,20250717 10:56:35.395000,19605684,30,234437,3.64,NQNX,12659
ONCO,20250717 10:56:41.636000,19621030,2,234637,3.62,PACF,12659
ONCO,20250717 10:56:41.636000,19621028,198,234635,3.62,NQEX,12544
ONCO,20250717 10:56:41.638000,19621032,329,234966,3.62,NQNX,12544
ONCO,20250717 10:58:55.305000,19880180,7,239612,3.62,NQEX,12659
ONCO,20250717 10:58:55.305000,19880179,4639,239605,3.62,NQEX,12544
ONCO,20250717 10:58:55.305000,19880184,42,239715,3.62,NQEX,12659
ONCO,20250717 10:58:55.305000,19880183,10,239673,3.62,NQEX,12659
ONCO,20250717 10:58:55.305000,19880181,7,239619,3.62,NQEX,12659
ONCO,20250717 10:58:55.305000,19880182,44,239663,3.62,NQEX,12659
ONCO,20250717 10:58:55.306000,19880185,21,239736,3.6,NQEX,12659
ONCO,20250717 10:58:55.306000,19880186,4639,244375,3.61,NQNX,12544
ONCO,20250717 10:58:57.873000,19885079,251,244626,3.56,NQNX,12544
ONCO,20250717 11:00:06.227000,20027734,300,244926,3.57,NQEX,12639
ONCO,20250717 11:00:06.227000,20027735,37,244963,3.57,NQNX,12659
ONCO,20250717 11:00:06.822000,20028771,6,244969,3.61,NQNX,12659
ONCO,20250717 11:00:28.836000,20078326,1,244970,3.66,NQNX,12659
ONCO,20250717 11:01:59.238000,20262340,4,244974,3.61,NQNX,12659
ONCO,20250717 11:02:14.420000,20293376,180,245154,3.59,NQNX,12544
ONCO,20250717 11:02:41.808000,20354613,50,245204,3.6,NQNX,12659
ONCO,20250717 11:03:27.386000,20446412,200,245404,3.61,NQNX,12544
ONCO,20250717 11:03:57.848000,20499619,33,245537,3.59,NQEX,12659
ONCO,20250717 11:03:57.848000,20499618,100,245504,3.59,PACF,12544
ONCO,20250717 11:04:10.323000,20526062,57,245594,3.57,NQNX,12659
ONCO,20250717 11:04:46.490000,20590791,230,245824,3.6,NQNX,12544
ONCO,20250717 11:07:10.480000,20891752,54,245878,3.59,NQEX,12659
ONCO,20250717 11:07:22.068000,20915514,100,245978,3.62,NQNX,12544
ONCO,20250717 11:07:35.967000,20943412,1,245979,3.59,NQNX,12659
ONCO,20250717 11:07:48.112000,20968671,1,245980,3.58,NQNX,12659
ONCO,20250717 11:07:48.270000,20968895,13,245993,3.58,PACF,12659
ONCO,20250717 11:07:58.004000,20989439,1,245994,3.58,NQNX,12659
ONCO,20250717 11:09:30.584000,21153041,300,246294,3.59,NQNX,12544
ONCO,20250717 11:09:30.584000,21153046,600,246894,3.59,NQNX,12544
ONCO,20250717 11:09:30.585000,21153053,200,247094,3.59,NQNX,12544
ONCO,20250717 11:09:30.588000,21153057,100,247194,3.58,NQEX,12544
ONCO,20250717 11:09:37.373000,21164722,100,247294,3.56,NQNX,12544
ONCO,20250717 11:10:13.927000,21244037,4,247298,3.6,NQNX,12659
ONCO,20250717 11:10:44.601000,21311249,20,247318,3.58,NQEX,12659
ONCO,20250717 11:11:41.321000,21422899,1,247319,3.57,PACF,12659
ONCO,20250717 11:11:41.321000,21422900,3,247322,3.56,PACF,12659
ONCO,20250717 11:13:19.019000,21624701,100,247422,3.56,NQNX,12544
ONCO,20250717 11:13:19.023000,21624705,2,247424,3.56,EDGX,12659
ONCO,20250717 11:13:19.023000,21624708,511,248322,3.56,PACF,12544
ONCO,20250717 11:13:19.023000,21624706,386,247810,3.56,EDGX,12544
ONCO,20250717 11:13:19.023000,21624707,1,247811,3.56,EDGX,12659
ONCO,20250717 11:13:19.025000,21624712,91,248413,3.56,NQNX,12659
ONCO,20250717 11:13:19.026000,21624713,909,249322,3.56,NQNX,12544
ONCO,20250717 11:13:19.400000,21625779,30,249352,3.56,NQNX,12659
ONCO,20250717 11:13:19.400000,21625780,970,250322,3.56,MEMX,12544
ONCO,20250717 11:13:19.401000,21625781,1000,251322,3.56,CHIC,12544
ONCO,20250717 11:13:19.572000,21626059,50,251372,3.56,NQEX,12659
ONCO,20250717 11:13:19.572000,21626060,30,251402,3.56,MEMX,12659
ONCO,20250717 11:13:19.573000,21626062,86,251488,3.56,PACF,12659
ONCO,20250717 11:13:20.595000,21628461,500,251994,3.55,EDGX,12544
ONCO,20250717 11:13:20.595000,21628468,100,252341,3.55,PACF,12544
ONCO,20250717 11:13:20.595000,21628469,100,252441,3.55,PACF,12544
ONCO,20250717 11:13:20.595000,21628467,143,252241,3.55,PACF,12544
ONCO,20250717 11:13:20.595000,21628470,100,252541,3.55,PACF,12639
ONCO,20250717 11:13:20.595000,21628464,1,252096,3.55,NQEX,12659
ONCO,20250717 11:13:20.595000,21628463,100,252095,3.55,EDGX,12544
ONCO,20250717 11:13:20.595000,21628462,1,251995,3.55,EDGX,12659
ONCO,20250717 11:13:20.595000,21628459,1,251489,3.55,EDGX,12659
ONCO,20250717 11:13:20.595000,21628460,5,251494,3.55,BATS,12659
ONCO,20250717 11:13:20.595000,21628465,2,252098,3.55,NQEX,12659
ONCO,20250717 11:13:20.596000,21628477,1050,253591,3.54,NQNX,12544
ONCO,20250717 11:13:20.597000,21628483,32,253625,3.55,NQNX,12659
ONCO,20250717 11:13:20.597000,21628482,2,253593,3.55,NQNX,12659
ONCO,20250717 11:13:20.599000,21628488,9,255634,3.55,NQNX,12659
ONCO,20250717 11:13:20.599000,21628489,79,255713,3.54,PACF,12659
ONCO,20250717 11:13:20.599000,21628490,261,255974,3.54,PACF,12639
ONCO,20250717 11:13:20.599000,21628487,2000,255625,3.55,EDGX,12544
ONCO,20250717 11:13:20.927000,21629236,30,256004,3.54,EDGX,12659
ONCO,20250717 11:13:20.929000,21629249,183,257974,3.52,NQNX,12544
ONCO,20250717 11:13:20.929000,21629248,10,257791,3.53,PACF,12659
ONCO,20250717 11:13:20.929000,21629247,1777,257781,3.53,EDGX,12544
ONCO,20250717 11:13:22.645000,21632634,20,258001,3.52,PACF,12659
ONCO,20250717 11:13:22.645000,21632633,7,257981,3.52,NQNX,12659
ONCO,20250717 11:13:22.645000,21632635,100,258101,3.52,PACF,12544
ONCO,20250717 11:13:22.646000,21632641,20,258889,3.51,NQEX,12659
ONCO,20250717 11:13:22.646000,21632642,120,259009,3.51,NQEX,12639
ONCO,20250717 11:13:22.646000,21632638,29,258838,3.51,NQEX,12659
ONCO,20250717 11:13:22.646000,21632639,9,258847,3.51,NQEX,12659
ONCO,20250717 11:13:22.646000,21632637,500,258809,3.51,EDGX,12544
ONCO,20250717 11:13:22.646000,21632636,208,258309,3.51,MEMX,12544
ONCO,20250717 11:13:22.646000,21632640,22,258869,3.51,NQEX,12659
ONCO,20250717 11:13:22.647000,21632643,300,259309,3.51,PACF,12544
ONCO,20250717 11:13:22.647000,21632648,59,259953,3.51,NQEX,12659
ONCO,20250717 11:13:22.647000,21632649,14,259967,3.51,NQEX,12659
ONCO,20250717 11:13:22.647000,21632647,50,259894,3.51,PACF,12659
ONCO,20250717 11:13:22.647000,21632650,7,259974,3.51,NQEX,12659
ONCO,20250717 11:13:22.647000,21632652,22,259996,3.51,BATS,12659
ONCO,20250717 11:13:22.647000,21632653,42,260038,3.51,MEMX,12659
ONCO,20250717 11:13:22.647000,21632646,1,259844,3.51,PACF,12659
ONCO,20250717 11:13:22.647000,21632645,34,259843,3.51,PACF,12659
ONCO,20250717 11:13:22.647000,21632654,4,260042,3.51,MEMX,12659
ONCO,20250717 11:13:22.647000,21632644,500,259809,3.51,PACF,12544
ONCO,20250717 11:13:31.985000,21650145,7,260178,3.51,EDGX,12659
ONCO,20250717 11:13:31.985000,21650144,29,260171,3.51,EDGX,12659
ONCO,20250717 11:13:31.985000,21650142,100,260142,3.5,EDGX,12544
ONCO,20250717 11:13:31.985000,21650146,7,260185,3.51,MEMX,12659
ONCO,20250717 11:13:31.985000,21650147,29,260214,3.51,BATS,12659
ONCO,20250717 11:13:31.985000,21650148,7,260221,3.51,BATS,12659
ONCO,20250717 11:13:31.986000,21650151,3796,264028,3.5,PACF,12544
ONCO,20250717 11:13:31.986000,21650152,3,264031,3.51,NQNX,12659
ONCO,20250717 11:13:31.986000,21650150,4,260232,3.5,PACF,12659
ONCO,20250717 11:13:31.986000,21650149,7,260228,3.51,MIAX,12659
ONCO,20250717 11:13:31.986000,21650153,3,264034,3.51,NQNX,12659
ONCO,20250717 11:13:31.988000,21650155,44,264134,3.54,NQNX,12659
ONCO,20250717 11:13:31.988000,21650154,56,264090,3.54,NQNX,12659
ONCO,20250717 11:13:32.001000,21650167,34,264168,3.51,EDGX,12659
ONCO,20250717 11:13:32.001000,21650168,28,264196,3.51,EDGX,12659
ONCO,20250717 11:13:32.002000,21650169,88,264284,3.5,NQNX,12659
ONCO,20250717 11:13:32.037000,21650245,200,264484,3.5,NQNX,12544
ONCO,20250717 11:13:59.487000,21702454,100,264684,3.5,NQNX,12544
ONCO,20250717 11:13:59.487000,21702453,100,264584,3.5,NQNX,12544
ONCO,20250717 11:13:59.498000,21702477,5,264689,3.5,NQEX,12659
ONCO,20250717 11:13:59.498000,21702478,1058,265747,3.5,PACF,12639
ONCO,20250717 11:14:17.161000,21737213,205,265952,3.5,NQNX,12544
ONCO,20250717 11:14:27.930000,21758606,1,265953,3.54,NQNX,12659
ONCO,20250717 11:14:41.044000,21781243,2,265955,3.53,NQNX,12659
ONCO,20250717 11:14:43.877000,21786401,5713,271668,3.58,NQNX,12544
ONCO,20250717 11:14:47.918000,21794208,1,271669,3.56,NQNX,12659
ONCO,20250717 11:15:05.548000,21842071,15,271684,3.56,NQNX,12659
ONCO,20250717 11:15:18.626000,21870321,2,271686,3.51,NQNX,12659
ONCO,20250717 11:15:40.609000,21913861,77,271763,3.56,NTRF,12659
ONCO,20250717 11:15:49.117000,21928847,4,271767,3.53,NQNX,12659
ONCO,20250717 11:15:59.320000,21949926,100,271867,3.5,NQNX,12544
ONCO,20250717 11:16:27.823000,22010644,79,271946,3.51,BATY,12659
ONCO,20250717 11:16:27.823000,22010645,121,272067,3.51,BATY,12639
ONCO,20250717 11:16:27.823000,22010646,10,272077,3.51,NQNX,12659
ONCO,20250717 11:16:27.823000,22010648,100,272377,3.51,BATY,12544
ONCO,20250717 11:16:27.823000,22010647,200,272277,3.51,BATY,12639
ONCO,20250717 11:16:28.573000,22012258,40,272427,3.5,PACF,12659
ONCO,20250717 11:16:28.573000,22012260,15,272445,3.5,PACF,12659
ONCO,20250717 11:16:28.573000,22012257,10,272387,3.5,PACF,12659
ONCO,20250717 11:16:28.573000,22012259,3,272430,3.5,PACF,12659
ONCO,20250717 11:16:39.208000,22030170,40,272485,3.53,NQNX,12659
ONCO,20250717 11:17:00.268000,22079905,446,272931,3.53,NQNX,12544
ONCO,20250717 11:17:15.972000,22110004,34,272965,3.57,NQNX,12659
ONCO,20250717 11:17:37.113000,22148016,1,273266,3.5,NQNX,12659
ONCO,20250717 11:17:37.113000,22148015,14,273265,3.5,BATY,12659
ONCO,20250717 11:17:37.113000,22148014,86,273251,3.5,BATY,12659
ONCO,20250717 11:17:37.113000,22148013,200,273165,3.5,BATY,12639
ONCO,20250717 11:17:37.113000,22148017,80,273346,3.5,NQNX,12659
ONCO,20250717 11:17:52.522000,22177945,17,273363,3.53,NQNX,12659
ONCO,20250717 11:17:58.120000,22188760,6,273369,3.51,NQNX,12659
ONCO,20250717 11:18:23.431000,22243034,25,273394,3.48,NQNX,12659
ONCO,20250717 11:19:10.616000,22335323,10,273404,3.49,NQNX,12659
ONCO,20250717 11:19:34.591000,22384400,10,273414,3.5,NQNX,12659
ONCO,20250717 11:20:29.666000,22506761,50,273464,3.51,NQNX,12659
ONCO,20250717 11:20:43.056000,22534505,100,273564,3.51,EDGX,12544
ONCO,20250717 11:20:44.130000,22536134,3,273567,3.5,NQEX,12659
ONCO,20250717 11:20:44.130000,22536135,100,273667,3.52,EDGX,12544
ONCO,20250717 11:20:44.131000,22536136,30,273697,3.51,NQNX,12659
ONCO,20250717 11:20:44.131000,22536137,3,273700,3.5,PACF,12659
ONCO,20250717 11:20:44.231000,22536436,100,273900,3.52,EDGX,12544
