SymbolId,CurrentTime,Index,Bid,BidSize,Ask,AskSize,BidCondition,AskCondition,BidExchange,AskExchange
ONCO,20250717 04:00:16.773000,0,3.55,5,4,1,REGULAR,REGULAR,EDGX,10305
ONCO,20250717 04:00:22.879000,0,3.55,3,4,1,REGULAR,REGULAR,EDGX,10305
ONCO,20250717 04:00:22.879000,0,3.55,3,4,1,REGULAR,REGULAR,EDGX,10305
ONCO,20250717 04:00:22.879000,0,3.55,3,4,1,REGULAR,REGULAR,EDGX,10305
ONCO,20250717 04:01:27.887000,0,3.55,4,4,1,REGULAR,REGULAR,EDGX,10305
ONCO,20250717 04:02:57.846000,0,3.6,14,4,1,REGULAR,REGULAR,EDGX,10247
ONCO,20250717 04:03:30.460000,0,3.76,1,4,1,REGULAR,REGULAR,NQEX,10247
ONCO,20250717 04:03:30.460000,0,3.76,1,4,1,REGULAR,REGULAR,NQEX,10247
ONCO,20250717 04:03:30.460000,0,3.76,1,4,1,REGULAR,REGULAR,NQEX,10247
ONCO,20250717 04:03:30.460000,0,3.76,1,4,1,REGULAR,REGULAR,NQEX,10247
ONCO,20250717 04:03:30.460000,0,3.76,1,4,1,REGULAR,REGULAR,NQEX,10247
ONCO,20250717 04:03:30.460000,0,3.76,1,4,1,REGULAR,REGULAR,NQEX,10247
ONCO,20250717 04:03:30.460000,0,3.76,1,4,1,REGULAR,REGULAR,NQEX,10247
ONCO,20250717 04:03:30.460000,0,3.76,1,4,1,REGULAR,REGULAR,NQEX,10247
ONCO,20250717 04:03:30.460000,0,3.76,1,4,1,REGULAR,REGULAR,NQEX,10247
ONCO,20250717 04:03:30.461000,0,3.81,1,4,1,REGULAR,REGULAR,NQEX,10247
ONCO,20250717 04:03:30.461000,0,3.81,1,4,1,REGULAR,REGULAR,NQEX,10247
ONCO,20250717 04:03:30.461000,0,3.81,1,4,1,REGULAR,REGULAR,NQEX,10247
ONCO,20250717 04:03:30.461000,0,3.81,1,4,1,REGULAR,REGULAR,NQEX,10247
ONCO,20250717 04:03:30.461000,0,3.81,1,4,1,REGULAR,REGULAR,NQEX,10247
ONCO,20250717 04:03:30.461000,0,3.81,1,4,1,REGULAR,REGULAR,NQEX,10247
ONCO,20250717 04:03:30.461000,0,3.81,1,4,1,REGULAR,REGULAR,NQEX,10247
ONCO,20250717 04:04:09.399000,0,3.63,1,3.8,5,REGULAR,REGULAR,EDGX,10247
ONCO,20250717 04:04:09.399000,0,3.63,1,3.8,5,REGULAR,REGULAR,EDGX,10247
ONCO,20250717 04:04:09.399000,0,3.63,1,3.8,5,REGULAR,REGULAR,EDGX,10247
ONCO,20250717 04:04:09.399000,0,3.63,1,3.8,5,REGULAR,REGULAR,EDGX,10247
ONCO,20250717 04:04:33.887000,0,3.63,1,3.8,4,REGULAR,REGULAR,EDGX,10247
ONCO,20250717 04:05:10.658000,0,3.63,1,3.8,4,REGULAR,REGULAR,EDGX,10247
ONCO,20250717 04:05:25.901000,0,3.63,1,3.8,4,REGULAR,REGULAR,EDGX,10247
ONCO,20250717 04:05:34.260000,0,3.63,1,3.8,4,REGULAR,REGULAR,EDGX,10247
ONCO,20250717 04:07:12.000000,0,3.67,1,3.8,4,REGULAR,REGULAR,EDGX,10247
ONCO,20250717 04:07:12.002000,0,3.63,1,3.8,4,REGULAR,REGULAR,PACF,10247
ONCO,20250717 04:10:37.370000,0,3.63,1,3.8,4,REGULAR,REGULAR,EDGX,10247
ONCO,20250717 04:10:37.371000,0,3.59,1,3.8,4,REGULAR,REGULAR,PACF,10247
ONCO,20250717 04:10:37.373000,0,3.55,3,3.77,1,REGULAR,REGULAR,EDGX,10247
ONCO,20250717 04:10:37.373000,0,3.55,3,3.77,1,REGULAR,REGULAR,EDGX,10247
ONCO,20250717 04:10:37.375000,0,3.55,3,3.61,39,REGULAR,REGULAR,EDGX,10247
ONCO,20250717 04:10:37.375000,0,3.55,3,3.61,39,REGULAR,REGULAR,EDGX,10247
ONCO,20250717 04:10:37.375000,0,3.55,3,3.61,39,REGULAR,REGULAR,EDGX,10247
ONCO,20250717 04:10:37.375000,0,3.55,3,3.61,39,REGULAR,REGULAR,EDGX,10247
ONCO,20250717 04:10:37.375000,0,3.55,3,3.61,39,REGULAR,REGULAR,EDGX,10247
ONCO,20250717 04:10:37.375000,0,3.55,3,3.61,39,REGULAR,REGULAR,EDGX,10247
ONCO,20250717 04:10:37.375000,0,3.55,3,3.61,39,REGULAR,REGULAR,EDGX,10247
ONCO,20250717 04:10:37.375000,0,3.55,3,3.61,39,REGULAR,REGULAR,EDGX,10247
ONCO,20250717 04:10:37.375000,0,3.55,3,3.61,39,REGULAR,REGULAR,EDGX,10247
ONCO,20250717 04:10:37.375000,0,3.55,3,3.61,39,REGULAR,REGULAR,EDGX,10247
ONCO,20250717 04:10:37.375000,0,3.55,3,3.61,39,REGULAR,REGULAR,EDGX,10247
ONCO,20250717 04:10:37.375000,0,3.55,3,3.61,39,REGULAR,REGULAR,EDGX,10247
ONCO,20250717 04:10:37.375000,0,3.55,3,3.61,39,REGULAR,REGULAR,EDGX,10247
ONCO,20250717 04:10:37.375000,0,3.55,3,3.61,39,REGULAR,REGULAR,EDGX,10247
ONCO,20250717 04:10:37.375000,0,3.55,3,3.61,39,REGULAR,REGULAR,EDGX,10247
ONCO,20250717 04:10:37.375000,0,3.55,3,3.61,39,REGULAR,REGULAR,EDGX,10247
ONCO,20250717 04:10:37.375000,0,3.55,3,3.61,39,REGULAR,REGULAR,EDGX,10247
ONCO,20250717 04:10:37.375000,0,3.55,3,3.61,39,REGULAR,REGULAR,EDGX,10247
ONCO,20250717 04:10:37.375000,0,3.55,3,3.61,39,REGULAR,REGULAR,EDGX,10247
ONCO,20250717 04:10:37.375000,0,3.55,3,3.61,39,REGULAR,REGULAR,EDGX,10247
ONCO,20250717 04:10:37.375000,0,3.55,3,3.61,39,REGULAR,REGULAR,EDGX,10247
ONCO,20250717 04:10:37.375000,0,3.55,3,3.61,39,REGULAR,REGULAR,EDGX,10247
ONCO,20250717 04:10:37.375000,0,3.55,3,3.61,39,REGULAR,REGULAR,EDGX,10247
ONCO,20250717 04:10:37.375000,0,3.55,3,3.61,39,REGULAR,REGULAR,EDGX,10247
ONCO,20250717 04:10:37.375000,0,3.55,3,3.61,39,REGULAR,REGULAR,EDGX,10247
ONCO,20250717 04:10:37.375000,0,3.55,3,3.61,39,REGULAR,REGULAR,EDGX,10247
ONCO,20250717 04:10:37.375000,0,3.55,3,3.61,39,REGULAR,REGULAR,EDGX,10247
ONCO,20250717 04:10:37.382000,0,3.55,3,3.61,39,REGULAR,REGULAR,EDGX,10247
ONCO,20250717 04:10:37.382000,0,3.55,3,3.61,39,REGULAR,REGULAR,EDGX,10247
ONCO,20250717 04:10:37.382000,0,3.55,3,3.61,39,REGULAR,REGULAR,EDGX,10247
ONCO,20250717 04:10:37.382000,0,3.55,3,3.61,39,REGULAR,REGULAR,EDGX,10247
ONCO,20250717 04:10:42.416000,0,3.55,3,3.76,1,REGULAR,REGULAR,EDGX,10247
ONCO,20250717 04:10:58.204000,0,3.55,3,3.75,1,REGULAR,REGULAR,EDGX,10241
ONCO,20250717 04:10:58.204000,0,3.55,3,3.75,1,REGULAR,REGULAR,EDGX,10241
ONCO,20250717 04:10:58.205000,0,3.54,10,3.65,1,REGULAR,REGULAR,NQEX,10241
ONCO,20250717 04:10:58.206000,0,3.54,10,3.65,2,REGULAR,REGULAR,NQEX,10241
ONCO,20250717 04:10:58.207000,0,3.51,18,3.65,2,REGULAR,REGULAR,EDGX,10241
ONCO,20250717 04:10:58.208000,0,3.51,18,3.65,2,REGULAR,REGULAR,EDGX,10241
ONCO,20250717 04:10:58.209000,0,3.51,18,3.65,2,REGULAR,REGULAR,EDGX,10241
ONCO,20250717 04:10:58.209000,0,3.51,18,3.65,2,REGULAR,REGULAR,EDGX,10241
ONCO,20250717 04:10:58.210000,0,3.5,13,3.63,1,REGULAR,REGULAR,EDGX,10305
ONCO,20250717 04:10:58.210000,0,3.5,13,3.63,1,REGULAR,REGULAR,EDGX,10305
ONCO,20250717 04:10:58.210000,0,3.5,13,3.63,1,REGULAR,REGULAR,EDGX,10305
ONCO,20250717 04:12:41.070000,0,3.5,12,3.8,4,REGULAR,REGULAR,EDGX,10247
ONCO,20250717 04:12:43.211000,0,3.5,11,3.52,7,REGULAR,REGULAR,EDGX,10313
ONCO,20250717 04:12:43.211000,0,3.5,11,3.52,7,REGULAR,REGULAR,EDGX,10313
ONCO,20250717 04:12:43.211000,0,3.5,11,3.52,7,REGULAR,REGULAR,EDGX,10313
ONCO,20250717 04:12:43.211000,0,3.5,11,3.52,7,REGULAR,REGULAR,EDGX,10313
ONCO,20250717 04:12:43.211000,0,3.5,11,3.52,7,REGULAR,REGULAR,EDGX,10313
ONCO,20250717 04:12:43.211000,0,3.5,11,3.52,7,REGULAR,REGULAR,EDGX,10313
ONCO,20250717 04:12:43.211000,0,3.5,11,3.52,7,REGULAR,REGULAR,EDGX,10313
ONCO,20250717 04:12:43.211000,0,3.5,11,3.52,7,REGULAR,REGULAR,EDGX,10313
ONCO,20250717 04:12:43.211000,0,3.5,11,3.52,7,REGULAR,REGULAR,EDGX,10313
ONCO,20250717 04:12:43.211000,0,3.5,11,3.52,7,REGULAR,REGULAR,EDGX,10313
ONCO,20250717 04:12:43.211000,0,3.5,11,3.52,7,REGULAR,REGULAR,EDGX,10313
ONCO,20250717 04:12:43.211000,0,3.5,11,3.52,7,REGULAR,REGULAR,EDGX,10313
ONCO,20250717 04:12:48.102000,0,3.5,11,3.52,7,REGULAR,REGULAR,EDGX,10313
ONCO,20250717 04:12:50.928000,0,3.5,11,3.52,7,REGULAR,REGULAR,EDGX,10313
ONCO,20250717 04:12:51.313000,0,3.5,11,3.52,5,REGULAR,REGULAR,EDGX,10313
ONCO,20250717 04:12:54.229000,0,3.5,11,3.52,4,REGULAR,REGULAR,EDGX,10313
ONCO,20250717 04:12:55.537000,0,3.5,11,3.52,2,REGULAR,REGULAR,EDGX,10313
ONCO,20250717 04:13:08.812000,0,3.52,4,3.56,1,REGULAR,REGULAR,PACF,10247
ONCO,20250717 04:13:08.939000,0,3.52,4,3.8,4,REGULAR,REGULAR,PACF,10247
ONCO,20250717 04:13:22.456000,0,3.5,12,3.8,4,REGULAR,REGULAR,EDGX,10247
ONCO,20250717 04:14:22.096000,0,3.5,12,3.8,4,REGULAR,REGULAR,EDGX,10247
ONCO,20250717 04:16:12.873000,0,3.5,8,3.65,1,REGULAR,REGULAR,EDGX,10247
ONCO,20250717 04:16:12.873000,0,3.5,8,3.65,1,REGULAR,REGULAR,EDGX,10247
ONCO,20250717 04:16:12.873000,0,3.5,8,3.65,1,REGULAR,REGULAR,EDGX,10247
ONCO,20250717 04:16:12.873000,0,3.5,8,3.65,1,REGULAR,REGULAR,EDGX,10247
ONCO,20250717 04:16:12.873000,0,3.5,8,3.65,1,REGULAR,REGULAR,EDGX,10247
ONCO,20250717 04:16:12.873000,0,3.5,8,3.65,1,REGULAR,REGULAR,EDGX,10247
ONCO,20250717 04:16:12.873000,0,3.5,8,3.65,1,REGULAR,REGULAR,EDGX,10247
ONCO,20250717 04:16:12.873000,0,3.5,8,3.65,1,REGULAR,REGULAR,EDGX,10247
ONCO,20250717 04:16:12.873000,0,3.5,8,3.65,1,REGULAR,REGULAR,EDGX,10247
ONCO,20250717 04:16:18.197000,0,3.5,7,3.8,4,REGULAR,REGULAR,EDGX,10247
ONCO,20250717 04:16:22.568000,0,3.5,6,3.8,4,REGULAR,REGULAR,EDGX,10247
ONCO,20250717 04:17:48.766000,0,3.5,6,3.65,1,REGULAR,REGULAR,EDGX,10247
ONCO,20250717 04:19:58.090000,0,3.5,6,3.8,5,REGULAR,REGULAR,EDGX,10247
ONCO,20250717 04:20:01.943000,0,3.5,6,3.8,5,REGULAR,REGULAR,EDGX,10247
ONCO,20250717 04:22:51.410000,0,3.51,1,3.8,4,REGULAR,REGULAR,MEMX,10247
ONCO,20250717 04:22:51.410000,0,3.51,1,3.8,4,REGULAR,REGULAR,MEMX,10247
ONCO,20250717 04:22:51.410000,0,3.51,1,3.8,4,REGULAR,REGULAR,MEMX,10247
ONCO,20250717 04:22:51.410000,0,3.51,1,3.8,4,REGULAR,REGULAR,MEMX,10247
ONCO,20250717 04:24:07.353000,0,3.51,1,3.8,4,REGULAR,REGULAR,MEMX,10247
ONCO,20250717 04:25:57.545000,0,3.52,2,3.73,1,REGULAR,REGULAR,MEMX,10313
ONCO,20250717 04:25:57.545000,0,3.52,2,3.73,1,REGULAR,REGULAR,MEMX,10313
ONCO,20250717 04:26:33.317000,0,3.52,2,3.8,4,REGULAR,REGULAR,MEMX,10247
ONCO,20250717 04:26:33.317000,0,3.52,2,3.8,4,REGULAR,REGULAR,MEMX,10247
ONCO,20250717 04:26:33.317000,0,3.52,2,3.8,4,REGULAR,REGULAR,MEMX,10247
ONCO,20250717 04:26:33.317000,0,3.52,2,3.8,4,REGULAR,REGULAR,MEMX,10247
ONCO,20250717 04:29:36.152000,0,3.52,2,3.78,2,REGULAR,REGULAR,MEMX,10247
ONCO,20250717 04:34:49.029000,0,3.52,2,3.78,2,REGULAR,REGULAR,MEMX,10247
ONCO,20250717 04:49:04.170000,0,3.52,3,3.78,2,REGULAR,REGULAR,NQEX,10247
ONCO,20250717 04:52:22.891000,0,3.52,3,3.78,2,REGULAR,REGULAR,NQEX,10247
ONCO,20250717 04:52:45.237000,0,3.52,3,3.78,2,REGULAR,REGULAR,NQEX,10247
ONCO,20250717 04:53:06.615000,0,3.52,3,3.78,2,REGULAR,REGULAR,NQEX,10247
ONCO,20250717 04:55:02.947000,0,3.53,1,3.78,2,REGULAR,REGULAR,EDGX,10247
ONCO,20250717 04:58:06.990000,0,3.53,1,3.78,2,REGULAR,REGULAR,EDGX,10247
ONCO,20250717 04:58:16.611000,0,3.53,1,3.78,2,REGULAR,REGULAR,EDGX,10247
ONCO,20250717 04:58:27.973000,0,3.53,1,3.78,2,REGULAR,REGULAR,EDGX,10247
ONCO,20250717 04:59:29.520000,0,3.53,1,3.78,2,REGULAR,REGULAR,EDGX,10247
ONCO,20250717 04:59:37.682000,0,3.53,1,3.78,2,REGULAR,REGULAR,EDGX,10247
ONCO,20250717 05:00:02.442000,0,3.53,1,3.78,2,REGULAR,REGULAR,EDGX,10247
ONCO,20250717 05:00:21.413000,0,3.53,1,3.78,2,REGULAR,REGULAR,EDGX,10247
ONCO,20250717 05:00:30.626000,0,3.53,1,3.78,2,REGULAR,REGULAR,NQEX,10247
ONCO,20250717 05:00:30.626000,0,3.53,1,3.78,2,REGULAR,REGULAR,NQEX,10247
ONCO,20250717 05:00:30.626000,0,3.53,1,3.78,2,REGULAR,REGULAR,NQEX,10247
ONCO,20250717 05:00:30.626000,0,3.53,1,3.78,2,REGULAR,REGULAR,NQEX,10247
ONCO,20250717 05:01:31.084000,0,3.53,1,3.78,2,REGULAR,REGULAR,NQEX,10247
ONCO,20250717 05:03:08.019000,0,3.53,1,3.78,2,REGULAR,REGULAR,NQEX,10247
ONCO,20250717 05:05:05.947000,0,3.53,1,3.78,2,REGULAR,REGULAR,NQEX,10247
ONCO,20250717 05:05:05.947000,0,3.53,1,3.78,2,REGULAR,REGULAR,NQEX,10247
ONCO,20250717 05:05:05.948000,0,3.53,1,3.78,2,REGULAR,REGULAR,NQEX,10247
ONCO,20250717 05:06:22.744000,0,3.53,1,3.78,2,REGULAR,REGULAR,NQEX,10247
ONCO,20250717 05:06:34.721000,0,3.53,1,3.78,2,REGULAR,REGULAR,NQEX,10247
ONCO,20250717 05:06:46.382000,0,3.53,1,3.78,2,REGULAR,REGULAR,NQEX,10247
ONCO,20250717 05:07:00.185000,0,3.53,1,3.78,2,REGULAR,REGULAR,NQEX,10247
ONCO,20250717 05:07:10.536000,0,3.64,3,3.78,2,REGULAR,REGULAR,EDGX,10247
ONCO,20250717 05:07:10.536000,0,3.64,3,3.78,2,REGULAR,REGULAR,EDGX,10247
ONCO,20250717 05:07:10.536000,0,3.64,3,3.78,2,REGULAR,REGULAR,EDGX,10247
ONCO,20250717 05:07:10.536000,0,3.64,3,3.78,2,REGULAR,REGULAR,EDGX,10247
ONCO,20250717 05:07:13.985000,0,3.6,1,3.78,2,REGULAR,REGULAR,PACF,10247
ONCO,20250717 05:07:33.657000,0,3.53,1,3.78,2,REGULAR,REGULAR,NQEX,10247
ONCO,20250717 05:09:00.682000,0,3.53,1,3.78,2,REGULAR,REGULAR,NQEX,10247
ONCO,20250717 05:11:42.087000,0,3.53,1,3.78,2,REGULAR,REGULAR,NQEX,10247
ONCO,20250717 05:12:43.021000,0,3.53,1,3.78,2,REGULAR,REGULAR,NQEX,10247
ONCO,20250717 05:13:19.124000,0,3.53,1,3.78,2,REGULAR,REGULAR,NQEX,10247
ONCO,20250717 05:13:19.124000,0,3.53,1,3.78,2,REGULAR,REGULAR,NQEX,10247
ONCO,20250717 05:15:21.443000,0,3.53,1,3.69,1,REGULAR,REGULAR,NQEX,10247
ONCO,20250717 05:15:21.443000,0,3.53,1,3.69,1,REGULAR,REGULAR,NQEX,10247
ONCO,20250717 05:15:21.443000,0,3.53,1,3.69,1,REGULAR,REGULAR,NQEX,10247
ONCO,20250717 05:15:32.940000,0,3.53,1,3.64,1,REGULAR,REGULAR,NQEX,10305
ONCO,20250717 05:15:32.940000,0,3.53,1,3.64,1,REGULAR,REGULAR,NQEX,10305
ONCO,20250717 05:16:23.946000,0,3.53,1,3.78,2,REGULAR,REGULAR,NQEX,10247
ONCO,20250717 05:16:56.655000,0,3.53,1,3.64,1,REGULAR,REGULAR,NQEX,10305
ONCO,20250717 05:17:05.386000,0,3.53,1,3.64,1,REGULAR,REGULAR,NQEX,10305
ONCO,20250717 05:17:15.698000,0,3.53,1,3.64,1,REGULAR,REGULAR,NQEX,10305
ONCO,20250717 05:17:27.423000,0,3.53,1,3.64,1,REGULAR,REGULAR,NQEX,10305
ONCO,20250717 05:17:38.450000,0,3.53,1,3.64,1,REGULAR,REGULAR,NQEX,10305
ONCO,20250717 05:19:03.179000,0,3.54,1,3.78,2,REGULAR,REGULAR,EDGX,10247
ONCO,20250717 05:19:03.179000,0,3.54,1,3.78,2,REGULAR,REGULAR,EDGX,10247
ONCO,20250717 05:19:08.046000,0,3.54,1,3.78,2,REGULAR,REGULAR,EDGX,10247
ONCO,20250717 05:20:16.306000,0,3.54,1,3.62,3,REGULAR,REGULAR,EDGX,10305
ONCO,20250717 05:22:02.139000,0,3.54,1,3.73,10,REGULAR,REGULAR,EDGX,10305
ONCO,20250717 05:23:48.910000,0,3.54,1,3.67,1,REGULAR,REGULAR,EDGX,10241
ONCO,20250717 05:26:41.087000,0,3.53,1,3.66,1,REGULAR,REGULAR,NQEX,10247
ONCO,20250717 05:36:39.446000,0,3.52,4,3.65,2,REGULAR,REGULAR,EDGX,10247
ONCO,20250717 05:36:39.447000,0,3.52,4,3.65,2,REGULAR,REGULAR,EDGX,10247
ONCO,20250717 05:36:39.910000,0,3.52,4,3.65,2,REGULAR,REGULAR,EDGX,10247
ONCO,20250717 05:42:19.502000,0,3.54,3,3.65,2,REGULAR,REGULAR,EDGX,10247
ONCO,20250717 05:49:54.026000,0,3.52,4,3.65,2,REGULAR,REGULAR,EDGX,10247
ONCO,20250717 05:54:33.837000,0,3.52,3,3.53,32,REGULAR,REGULAR,EDGX,10247
ONCO,20250717 05:54:33.837000,0,3.52,3,3.53,32,REGULAR,REGULAR,EDGX,10247
ONCO,20250717 05:54:33.837000,0,3.52,3,3.53,32,REGULAR,REGULAR,EDGX,10247
ONCO,20250717 05:54:33.837000,0,3.52,3,3.53,32,REGULAR,REGULAR,EDGX,10247
ONCO,20250717 05:54:33.837000,0,3.52,3,3.53,32,REGULAR,REGULAR,EDGX,10247
ONCO,20250717 05:54:33.837000,0,3.52,3,3.53,32,REGULAR,REGULAR,EDGX,10247
ONCO,20250717 05:54:33.837000,0,3.52,3,3.53,32,REGULAR,REGULAR,EDGX,10247
ONCO,20250717 05:54:33.837000,0,3.52,3,3.53,32,REGULAR,REGULAR,EDGX,10247
ONCO,20250717 05:54:33.837000,0,3.52,3,3.53,32,REGULAR,REGULAR,EDGX,10247
ONCO,20250717 05:54:33.837000,0,3.52,3,3.53,32,REGULAR,REGULAR,EDGX,10247
ONCO,20250717 05:54:33.837000,0,3.52,3,3.53,32,REGULAR,REGULAR,EDGX,10247
ONCO,20250717 05:54:33.837000,0,3.52,3,3.53,32,REGULAR,REGULAR,EDGX,10247
ONCO,20250717 05:54:33.837000,0,3.52,3,3.53,32,REGULAR,REGULAR,EDGX,10247
ONCO,20250717 05:54:33.837000,0,3.52,3,3.53,32,REGULAR,REGULAR,EDGX,10247
ONCO,20250717 05:54:33.837000,0,3.52,3,3.53,32,REGULAR,REGULAR,EDGX,10247
ONCO,20250717 05:54:33.838000,0,3.5,14,3.53,32,REGULAR,REGULAR,EDGX,10247
ONCO,20250717 05:54:33.838000,0,3.5,14,3.53,32,REGULAR,REGULAR,EDGX,10247
ONCO,20250717 05:54:33.838000,0,3.5,14,3.53,32,REGULAR,REGULAR,EDGX,10247
ONCO,20250717 05:54:33.838000,0,3.5,14,3.53,32,REGULAR,REGULAR,EDGX,10247
ONCO,20250717 05:54:33.838000,0,3.5,14,3.53,32,REGULAR,REGULAR,EDGX,10247
ONCO,20250717 05:54:33.838000,0,3.5,14,3.53,32,REGULAR,REGULAR,EDGX,10247
ONCO,20250717 05:54:33.838000,0,3.5,14,3.53,32,REGULAR,REGULAR,EDGX,10247
ONCO,20250717 05:54:33.838000,0,3.5,14,3.53,32,REGULAR,REGULAR,EDGX,10247
ONCO,20250717 05:54:33.838000,0,3.5,14,3.53,32,REGULAR,REGULAR,EDGX,10247
ONCO,20250717 05:54:33.838000,0,3.5,14,3.53,32,REGULAR,REGULAR,EDGX,10247
ONCO,20250717 05:54:33.838000,0,3.5,14,3.53,32,REGULAR,REGULAR,EDGX,10247
ONCO,20250717 05:54:37.851000,0,3.5,8,3.53,32,REGULAR,REGULAR,EDGX,10247
ONCO,20250717 05:54:37.851000,0,3.5,8,3.53,32,REGULAR,REGULAR,EDGX,10247
ONCO,20250717 05:54:37.851000,0,3.5,8,3.53,32,REGULAR,REGULAR,EDGX,10247
ONCO,20250717 05:54:37.851000,0,3.5,8,3.53,32,REGULAR,REGULAR,EDGX,10247
ONCO,20250717 05:54:37.851000,0,3.5,8,3.53,32,REGULAR,REGULAR,EDGX,10247
ONCO,20250717 05:54:50.669000,0,3.5,7,3.53,32,REGULAR,REGULAR,EDGX,10247
ONCO,20250717 05:55:18.439000,0,3.5,6,3.53,32,REGULAR,REGULAR,EDGX,10247
ONCO,20250717 05:55:27.265000,0,3.5,6,3.53,32,REGULAR,REGULAR,EDGX,10247
ONCO,20250717 05:55:35.501000,0,3.5,5,3.52,3,REGULAR,REGULAR,EDGX,10247
ONCO,20250717 05:55:35.501000,0,3.5,5,3.52,3,REGULAR,REGULAR,EDGX,10247
ONCO,20250717 05:55:35.501000,0,3.5,5,3.52,3,REGULAR,REGULAR,EDGX,10247
ONCO,20250717 05:55:38.221000,0,3.5,2,3.52,3,REGULAR,REGULAR,EDGX,10247
ONCO,20250717 05:55:38.221000,0,3.5,2,3.52,3,REGULAR,REGULAR,EDGX,10247
ONCO,20250717 05:55:38.221000,0,3.5,2,3.52,3,REGULAR,REGULAR,EDGX,10247
ONCO,20250717 05:55:41.532000,0,3.5,2,3.52,3,REGULAR,REGULAR,EDGX,10247
ONCO,20250717 05:55:44.090000,0,3.5,2,3.52,3,REGULAR,REGULAR,EDGX,10247
ONCO,20250717 05:55:46.765000,0,3.5,2,3.52,3,REGULAR,REGULAR,EDGX,10247
ONCO,20250717 05:56:06.017000,0,3.5,2,3.51,32,REGULAR,REGULAR,EDGX,10247
ONCO,20250717 05:56:06.018000,0,3.46,1,3.51,32,REGULAR,REGULAR,PACF,10247
ONCO,20250717 05:56:06.018000,0,3.46,1,3.51,32,REGULAR,REGULAR,PACF,10247
ONCO,20250717 05:56:06.021000,0,3.36,1,3.51,32,REGULAR,REGULAR,MEMX,10247
ONCO,20250717 05:59:01.687000,0,3.36,1,3.57,3,REGULAR,REGULAR,MEMX,10305
ONCO,20250717 06:00:11.420000,0,3.54,2,3.57,3,REGULAR,REGULAR,NQEX,10305
ONCO,20250717 06:05:26.803000,0,3.56,2,3.61,1,REGULAR,REGULAR,NQEX,10247
ONCO,20250717 06:05:26.803000,0,3.56,2,3.61,1,REGULAR,REGULAR,NQEX,10247
ONCO,20250717 06:05:26.803000,0,3.56,2,3.61,1,REGULAR,REGULAR,NQEX,10247
ONCO,20250717 06:05:26.803000,0,3.56,2,3.61,1,REGULAR,REGULAR,NQEX,10247
ONCO,20250717 06:05:26.803000,0,3.56,2,3.61,1,REGULAR,REGULAR,NQEX,10247
ONCO,20250717 06:09:05.371000,0,3.54,4,3.54,28,REGULAR,REGULAR,NQEX,10247
ONCO,20250717 06:09:05.371000,0,3.54,4,3.54,28,REGULAR,REGULAR,NQEX,10247
ONCO,20250717 06:09:05.371000,0,3.54,4,3.54,28,REGULAR,REGULAR,NQEX,10247
ONCO,20250717 06:09:05.373000,0,3.54,4,3.54,27,REGULAR,REGULAR,NQEX,10247
ONCO,20250717 06:09:05.373000,0,3.54,4,3.54,27,REGULAR,REGULAR,NQEX,10247
ONCO,20250717 06:09:08.173000,0,3.36,1,3.54,27,REGULAR,REGULAR,MEMX,10247
ONCO,20250717 06:09:43.165000,0,3.36,1,3.54,27,REGULAR,REGULAR,MEMX,10247
ONCO,20250717 06:11:01.406000,0,3.36,1,3.5,27,REGULAR,REGULAR,MEMX,10247
ONCO,20250717 06:16:14.086000,0,3.36,1,3.73,10,REGULAR,REGULAR,MEMX,10305
ONCO,20250717 06:17:26.028000,0,3.36,1,3.7,2,REGULAR,REGULAR,MEMX,10300
ONCO,20250717 06:17:38.694000,0,3.54,2,3.7,1,REGULAR,REGULAR,PACF,10305
ONCO,20250717 06:17:38.695000,0,3.54,2,3.73,10,REGULAR,REGULAR,PACF,10305
ONCO,20250717 06:17:38.698000,0,3.54,2,3.73,10,REGULAR,REGULAR,PACF,10305
ONCO,20250717 06:24:28.950000,0,3.36,1,3.4,23,REGULAR,REGULAR,MEMX,10247
ONCO,20250717 06:24:28.950000,0,3.36,1,3.4,23,REGULAR,REGULAR,MEMX,10247
ONCO,20250717 06:24:28.950000,0,3.36,1,3.4,23,REGULAR,REGULAR,MEMX,10247
ONCO,20250717 06:24:28.950000,0,3.36,1,3.4,23,REGULAR,REGULAR,MEMX,10247
ONCO,20250717 06:24:28.950000,0,3.36,1,3.4,23,REGULAR,REGULAR,MEMX,10247
ONCO,20250717 06:24:28.950000,0,3.36,1,3.4,23,REGULAR,REGULAR,MEMX,10247
ONCO,20250717 06:24:28.950000,0,3.36,1,3.4,23,REGULAR,REGULAR,MEMX,10247
ONCO,20250717 06:24:28.950000,0,3.36,1,3.4,23,REGULAR,REGULAR,MEMX,10247
ONCO,20250717 06:24:28.950000,0,3.36,1,3.4,23,REGULAR,REGULAR,MEMX,10247
ONCO,20250717 06:24:28.950000,0,3.36,1,3.4,23,REGULAR,REGULAR,MEMX,10247
ONCO,20250717 06:24:28.950000,0,3.36,1,3.4,23,REGULAR,REGULAR,MEMX,10247
ONCO,20250717 06:24:28.950000,0,3.36,1,3.4,23,REGULAR,REGULAR,MEMX,10247
ONCO,20250717 06:24:28.950000,0,3.36,1,3.4,23,REGULAR,REGULAR,MEMX,10247
ONCO,20250717 06:24:28.950000,0,3.36,1,3.4,23,REGULAR,REGULAR,MEMX,10247
ONCO,20250717 06:24:28.950000,0,3.36,1,3.4,23,REGULAR,REGULAR,MEMX,10247
ONCO,20250717 06:24:28.951000,0,3.36,1,3.4,22,REGULAR,REGULAR,MEMX,10247
ONCO,20250717 06:24:28.951000,0,3.36,1,3.4,22,REGULAR,REGULAR,MEMX,10247
ONCO,20250717 06:24:28.951000,0,3.36,1,3.4,22,REGULAR,REGULAR,MEMX,10247
ONCO,20250717 06:24:28.951000,0,3.36,1,3.4,22,REGULAR,REGULAR,MEMX,10247
ONCO,20250717 06:24:28.951000,0,3.36,1,3.4,22,REGULAR,REGULAR,MEMX,10247
ONCO,20250717 06:24:28.951000,0,3.36,1,3.4,22,REGULAR,REGULAR,MEMX,10247
ONCO,20250717 06:24:28.951000,0,3.36,1,3.4,22,REGULAR,REGULAR,MEMX,10247
ONCO,20250717 06:24:35.922000,0,3.36,1,3.4,17,REGULAR,REGULAR,MEMX,10247
ONCO,20250717 06:24:54.016000,0,3.36,1,3.44,1,REGULAR,REGULAR,MEMX,10247
ONCO,20250717 06:25:53.466000,0,3.5,1,3.54,5,REGULAR,REGULAR,PACF,10247
ONCO,20250717 06:29:31.119000,0,3.46,1,3.62,2,REGULAR,REGULAR,EDGX,10305
ONCO,20250717 06:29:31.119000,0,3.46,1,3.62,2,REGULAR,REGULAR,EDGX,10305
ONCO,20250717 06:29:31.119000,0,3.46,1,3.62,2,REGULAR,REGULAR,EDGX,10305
ONCO,20250717 06:29:31.119000,0,3.46,1,3.62,2,REGULAR,REGULAR,EDGX,10305
ONCO,20250717 06:37:28.632000,0,3.54,1,3.62,2,REGULAR,REGULAR,MEMX,10305
ONCO,20250717 06:37:28.632000,0,3.54,1,3.62,2,REGULAR,REGULAR,MEMX,10305
ONCO,20250717 06:37:28.632000,0,3.54,1,3.62,2,REGULAR,REGULAR,MEMX,10305
ONCO,20250717 06:37:28.632000,0,3.54,1,3.62,2,REGULAR,REGULAR,MEMX,10305
ONCO,20250717 06:37:32.308000,0,3.5,1,3.61,1,REGULAR,REGULAR,PACF,10305
ONCO,20250717 06:37:32.308000,0,3.5,1,3.61,1,REGULAR,REGULAR,PACF,10305
ONCO,20250717 06:37:32.308000,0,3.5,1,3.61,1,REGULAR,REGULAR,PACF,10305
ONCO,20250717 06:37:32.308000,0,3.5,1,3.61,1,REGULAR,REGULAR,PACF,10305
ONCO,20250717 06:37:58.236000,0,3.45,1,3.62,3,REGULAR,REGULAR,EDGX,10305
ONCO,20250717 06:37:58.236000,0,3.45,1,3.62,3,REGULAR,REGULAR,EDGX,10305
ONCO,20250717 06:39:10.357000,0,3.48,1,3.73,10,REGULAR,REGULAR,EDGX,10305
ONCO,20250717 06:39:10.357000,0,3.48,1,3.73,10,REGULAR,REGULAR,EDGX,10305
ONCO,20250717 06:39:10.357000,0,3.48,1,3.73,10,REGULAR,REGULAR,EDGX,10305
ONCO,20250717 06:39:10.357000,0,3.48,1,3.73,10,REGULAR,REGULAR,EDGX,10305
ONCO,20250717 06:39:10.357000,0,3.48,1,3.73,10,REGULAR,REGULAR,EDGX,10305
ONCO,20250717 06:39:10.357000,0,3.48,1,3.73,10,REGULAR,REGULAR,EDGX,10305
ONCO,20250717 06:39:10.357000,0,3.48,1,3.73,10,REGULAR,REGULAR,EDGX,10305
ONCO,20250717 06:39:10.357000,0,3.48,1,3.73,10,REGULAR,REGULAR,EDGX,10305
ONCO,20250717 06:39:10.357000,0,3.48,1,3.73,10,REGULAR,REGULAR,EDGX,10305
ONCO,20250717 06:39:10.357000,0,3.48,1,3.73,10,REGULAR,REGULAR,EDGX,10305
ONCO,20250717 06:39:10.360000,0,3.48,1,3.73,10,REGULAR,REGULAR,EDGX,10305
ONCO,20250717 06:41:49.858000,0,3.49,1,3.73,10,REGULAR,REGULAR,PACF,10305
ONCO,20250717 06:41:49.858000,0,3.49,1,3.73,10,REGULAR,REGULAR,PACF,10305
ONCO,20250717 06:41:49.858000,0,3.49,1,3.73,10,REGULAR,REGULAR,PACF,10305
ONCO,20250717 06:43:57.970000,0,3.5,1,3.61,1,REGULAR,REGULAR,EDGX,10241
ONCO,20250717 06:44:12.578000,0,3.46,1,3.69,1,REGULAR,REGULAR,PACF,10305
ONCO,20250717 06:44:12.578000,0,3.46,1,3.69,1,REGULAR,REGULAR,PACF,10305
ONCO,20250717 06:44:12.578000,0,3.46,1,3.69,1,REGULAR,REGULAR,PACF,10305
ONCO,20250717 06:48:48.339000,0,3.48,1,3.73,10,REGULAR,REGULAR,EDGX,10305
ONCO,20250717 06:48:48.339000,0,3.48,1,3.73,10,REGULAR,REGULAR,EDGX,10305
ONCO,20250717 06:48:48.340000,0,3.48,1,3.53,14,REGULAR,REGULAR,EDGX,10305
ONCO,20250717 06:48:48.340000,0,3.48,1,3.53,14,REGULAR,REGULAR,EDGX,10305
ONCO,20250717 06:48:48.340000,0,3.48,1,3.53,14,REGULAR,REGULAR,EDGX,10305
ONCO,20250717 06:48:48.341000,0,3.48,1,3.53,14,REGULAR,REGULAR,EDGX,10305
ONCO,20250717 06:48:48.341000,0,3.48,1,3.53,14,REGULAR,REGULAR,EDGX,10305
ONCO,20250717 06:50:54.718000,0,3.44,1,3.51,3,REGULAR,REGULAR,PACF,10241
ONCO,20250717 06:53:18.181000,0,3.47,1,3.73,10,REGULAR,REGULAR,PACF,10305
ONCO,20250717 06:53:19.076000,0,3.46,1,3.61,1,REGULAR,REGULAR,EDGX,10305
ONCO,20250717 06:53:30.350000,0,3.47,1,3.73,10,REGULAR,REGULAR,PACF,10305
ONCO,20250717 06:54:01.182000,0,3.47,1,3.69,2,REGULAR,REGULAR,PACF,10300
ONCO,20250717 06:54:01.182000,0,3.47,1,3.69,2,REGULAR,REGULAR,PACF,10300
ONCO,20250717 06:54:01.182000,0,3.47,1,3.69,2,REGULAR,REGULAR,PACF,10300
ONCO,20250717 06:56:11.165000,0,3.46,1,3.65,5,REGULAR,REGULAR,EDGX,10241
ONCO,20250717 06:56:11.165000,0,3.46,1,3.65,5,REGULAR,REGULAR,EDGX,10241
ONCO,20250717 06:56:11.165000,0,3.46,1,3.65,5,REGULAR,REGULAR,EDGX,10241
ONCO,20250717 06:56:11.165000,0,3.46,1,3.65,5,REGULAR,REGULAR,EDGX,10241
ONCO,20250717 06:58:29.743000,0,3.46,1,3.6,5,REGULAR,REGULAR,EDGX,10241
ONCO,20250717 07:00:00.521000,0,3.55,2,3.6,5,REGULAR,REGULAR,EDGX,10241
ONCO,20250717 07:00:02.063000,0,3.51,1,3.55,6,REGULAR,REGULAR,PACF,10247
ONCO,20250717 07:00:11.129000,0,3.55,3,3.6,5,REGULAR,REGULAR,MEMX,10241
ONCO,20250717 07:00:13.005000,0,3.55,8,3.56,4,REGULAR,REGULAR,MEMX,10247
ONCO,20250717 07:00:13.005000,0,3.55,8,3.56,4,REGULAR,REGULAR,MEMX,10247
ONCO,20250717 07:00:13.005000,0,3.55,8,3.56,4,REGULAR,REGULAR,MEMX,10247
ONCO,20250717 07:00:13.005000,0,3.55,8,3.56,4,REGULAR,REGULAR,MEMX,10247
ONCO,20250717 07:00:13.005000,0,3.55,8,3.56,4,REGULAR,REGULAR,MEMX,10247
ONCO,20250717 07:00:13.005000,0,3.55,8,3.56,4,REGULAR,REGULAR,MEMX,10247
ONCO,20250717 07:00:13.005000,0,3.55,8,3.56,4,REGULAR,REGULAR,MEMX,10247
ONCO,20250717 07:00:15.108000,0,3.55,3,3.6,5,REGULAR,REGULAR,MEMX,10241
ONCO,20250717 07:00:15.108000,0,3.55,3,3.6,5,REGULAR,REGULAR,MEMX,10241
ONCO,20250717 07:05:56.868000,0,3.56,20,3.6,5,REGULAR,REGULAR,PACF,10241
ONCO,20250717 07:05:56.868000,0,3.56,20,3.6,5,REGULAR,REGULAR,PACF,10241
ONCO,20250717 07:06:22.073000,0,3.56,20,3.64,1,REGULAR,REGULAR,PACF,10247
ONCO,20250717 07:06:22.073000,0,3.56,20,3.64,1,REGULAR,REGULAR,PACF,10247
ONCO,20250717 07:06:22.073000,0,3.56,20,3.64,1,REGULAR,REGULAR,PACF,10247
ONCO,20250717 07:06:22.073000,0,3.56,20,3.64,1,REGULAR,REGULAR,PACF,10247
ONCO,20250717 07:06:22.074000,0,3.6,17,3.73,10,REGULAR,REGULAR,MEMX,10305
ONCO,20250717 07:06:22.074000,0,3.6,17,3.73,10,REGULAR,REGULAR,MEMX,10305
ONCO,20250717 07:10:51.446000,0,3.6,17,3.8,5,REGULAR,REGULAR,MEMX,10247
ONCO,20250717 07:12:45.654000,0,3.6,17,3.8,5,REGULAR,REGULAR,MEMX,10247
ONCO,20250717 07:14:11.649000,0,3.56,1,3.71,1,REGULAR,REGULAR,PACF,10300
ONCO,20250717 07:14:11.649000,0,3.56,1,3.71,1,REGULAR,REGULAR,PACF,10300
ONCO,20250717 07:14:11.649000,0,3.56,1,3.71,1,REGULAR,REGULAR,PACF,10300
ONCO,20250717 07:14:11.650000,0,3.55,10,3.71,2,REGULAR,REGULAR,EDGX,10305
ONCO,20250717 07:14:55.511000,0,3.55,10,3.75,1,REGULAR,REGULAR,EDGX,10247
ONCO,20250717 07:15:00.373000,0,3.55,9,3.75,1,REGULAR,REGULAR,EDGX,10247
ONCO,20250717 07:17:52.994000,0,3.55,9,3.75,1,REGULAR,REGULAR,EDGX,10247
ONCO,20250717 07:19:04.149000,0,3.55,9,3.79,1,REGULAR,REGULAR,EDGX,10247
ONCO,20250717 07:28:39.907000,0,3.55,9,3.68,1,REGULAR,REGULAR,EDGX,10247
ONCO,20250717 07:30:13.201000,0,3.55,9,3.68,1,REGULAR,REGULAR,EDGX,10247
ONCO,20250717 07:30:54.278000,0,3.55,9,3.68,1,REGULAR,REGULAR,EDGX,10247
ONCO,20250717 07:32:41.884000,0,3.55,9,3.6,1,REGULAR,REGULAR,EDGX,10247
ONCO,20250717 07:33:58.289000,0,3.61,1,3.64,1,REGULAR,REGULAR,EDGX,10247
ONCO,20250717 07:39:18.699000,0,3.6,1,3.68,1,REGULAR,REGULAR,EDGX,10247
ONCO,20250717 07:39:18.699000,0,3.6,1,3.68,1,REGULAR,REGULAR,EDGX,10247
ONCO,20250717 07:39:18.700000,0,3.52,3,3.64,1,REGULAR,REGULAR,PACF,10305
ONCO,20250717 07:39:18.700000,0,3.52,3,3.64,1,REGULAR,REGULAR,PACF,10305
ONCO,20250717 07:39:18.700000,0,3.52,3,3.64,1,REGULAR,REGULAR,PACF,10305
ONCO,20250717 07:39:18.700000,0,3.52,3,3.64,1,REGULAR,REGULAR,PACF,10305
ONCO,20250717 07:39:18.700000,0,3.52,3,3.64,1,REGULAR,REGULAR,PACF,10305
ONCO,20250717 07:39:18.700000,0,3.52,3,3.64,1,REGULAR,REGULAR,PACF,10305
ONCO,20250717 07:39:18.701000,0,3.51,5,3.61,1,REGULAR,REGULAR,PACF,10305
ONCO,20250717 07:39:18.701000,0,3.51,5,3.61,1,REGULAR,REGULAR,PACF,10305
ONCO,20250717 07:39:18.701000,0,3.51,5,3.61,1,REGULAR,REGULAR,PACF,10305
ONCO,20250717 07:39:18.701000,0,3.51,5,3.61,1,REGULAR,REGULAR,PACF,10305
ONCO,20250717 07:39:18.927000,0,3.51,5,3.67,1,REGULAR,REGULAR,PACF,10305
ONCO,20250717 07:43:01.443000,0,3.51,5,3.68,1,REGULAR,REGULAR,PACF,10247
ONCO,20250717 07:44:37.834000,0,3.51,5,3.68,1,REGULAR,REGULAR,PACF,10247
ONCO,20250717 07:44:37.834000,0,3.51,5,3.68,1,REGULAR,REGULAR,PACF,10247
ONCO,20250717 07:44:37.835000,0,3.51,5,3.68,1,REGULAR,REGULAR,PACF,10247
ONCO,20250717 07:44:45.291000,0,3.51,5,3.68,1,REGULAR,REGULAR,PACF,10247
ONCO,20250717 07:50:08.471000,0,3.6,6,3.68,1,REGULAR,REGULAR,PACF,10247
ONCO,20250717 07:54:53.372000,0,3.6,5,3.68,1,REGULAR,REGULAR,PACF,10247
ONCO,20250717 08:00:00.055000,0,3.6,5,3.68,1,REGULAR,REGULAR,PACF,10247
ONCO,20250717 08:00:00.200000,0,3.6,5,3.68,1,REGULAR,REGULAR,PACF,10247
ONCO,20250717 08:00:00.218000,0,3.6,5,3.68,1,REGULAR,REGULAR,PACF,10247
ONCO,20250717 08:00:00.292000,0,3.6,5,3.68,1,REGULAR,REGULAR,PACF,10247
ONCO,20250717 08:00:00.387000,0,3.6,5,3.68,1,REGULAR,REGULAR,PACF,10247
ONCO,20250717 08:00:00.532000,0,3.6,5,3.68,1,REGULAR,REGULAR,PACF,10247
ONCO,20250717 08:00:00.548000,0,3.6,5,3.68,1,REGULAR,REGULAR,PACF,10247
ONCO,20250717 08:00:00.697000,0,3.6,5,3.68,1,REGULAR,REGULAR,PACF,10247
ONCO,20250717 08:00:00.719000,0,3.6,5,3.68,1,REGULAR,REGULAR,PACF,10247
ONCO,20250717 08:00:00.719000,0,3.6,5,3.68,1,REGULAR,REGULAR,PACF,10247
ONCO,20250717 08:00:00.761000,0,3.6,5,3.68,1,REGULAR,REGULAR,PACF,10247
ONCO,20250717 08:00:00.777000,0,3.6,5,3.68,1,REGULAR,REGULAR,PACF,10247
ONCO,20250717 08:00:00.977000,0,3.6,5,3.68,1,REGULAR,REGULAR,PACF,10247
ONCO,20250717 08:00:01.121000,0,3.6,5,3.68,1,REGULAR,REGULAR,PACF,10247
ONCO,20250717 08:00:01.128000,0,3.6,5,3.68,1,REGULAR,REGULAR,PACF,10247
ONCO,20250717 08:00:01.163000,0,3.6,5,3.68,1,REGULAR,REGULAR,PACF,10247
ONCO,20250717 08:00:01.202000,0,3.6,5,3.68,1,REGULAR,REGULAR,PACF,10247
ONCO,20250717 08:00:01.234000,0,3.6,5,3.68,1,REGULAR,REGULAR,PACF,10247
ONCO,20250717 08:00:01.342000,0,3.6,5,3.68,1,REGULAR,REGULAR,PACF,10247
ONCO,20250717 08:00:01.356000,0,3.6,5,3.68,1,REGULAR,REGULAR,PACF,10247
ONCO,20250717 08:00:01.371000,0,3.6,5,3.68,1,REGULAR,REGULAR,PACF,10247
ONCO,20250717 08:00:01.374000,0,3.6,5,3.68,1,REGULAR,REGULAR,PACF,10247
ONCO,20250717 08:00:01.445000,0,3.6,5,3.68,1,REGULAR,REGULAR,PACF,10247
ONCO,20250717 08:00:01.446000,0,3.6,5,3.68,1,REGULAR,REGULAR,PACF,10247
ONCO,20250717 08:00:01.460000,0,3.6,5,3.68,1,REGULAR,REGULAR,PACF,10247
ONCO,20250717 08:00:01.714000,0,3.6,5,3.68,1,REGULAR,REGULAR,PACF,10247
ONCO,20250717 08:00:01.825000,0,3.6,5,3.68,1,REGULAR,REGULAR,PACF,10247
ONCO,20250717 08:00:02.122000,0,3.6,5,3.68,1,REGULAR,REGULAR,PACF,10247
ONCO,20250717 08:00:02.413000,0,3.6,5,3.68,1,REGULAR,REGULAR,PACF,10247
ONCO,20250717 08:00:02.414000,0,3.6,5,3.68,1,REGULAR,REGULAR,PACF,10247
ONCO,20250717 08:00:02.655000,0,3.6,5,3.68,1,REGULAR,REGULAR,PACF,10247
ONCO,20250717 08:00:02.656000,0,3.6,5,3.68,1,REGULAR,REGULAR,PACF,10247
ONCO,20250717 08:00:02.930000,0,3.6,5,3.68,1,REGULAR,REGULAR,PACF,10247
ONCO,20250717 08:00:02.970000,0,3.6,5,3.68,1,REGULAR,REGULAR,PACF,10247
ONCO,20250717 08:00:03.113000,0,3.6,5,3.68,1,REGULAR,REGULAR,PACF,10247
ONCO,20250717 08:00:03.420000,0,3.6,5,3.68,1,REGULAR,REGULAR,PACF,10247
ONCO,20250717 08:00:03.489000,0,3.6,5,3.68,1,REGULAR,REGULAR,PACF,10247
ONCO,20250717 08:00:03.802000,0,3.6,5,3.68,1,REGULAR,REGULAR,PACF,10247
ONCO,20250717 08:00:03.873000,0,3.6,5,3.68,1,REGULAR,REGULAR,PACF,10247
ONCO,20250717 08:00:04.231000,0,3.6,5,3.68,1,REGULAR,REGULAR,PACF,10247
ONCO,20250717 08:00:05.197000,0,3.6,5,3.68,1,REGULAR,REGULAR,PACF,10247
ONCO,20250717 08:00:05.672000,0,3.6,5,3.68,1,REGULAR,REGULAR,PACF,10247
ONCO,20250717 08:00:05.714000,0,3.6,5,3.68,1,REGULAR,REGULAR,PACF,10247
ONCO,20250717 08:00:05.739000,0,3.6,5,3.68,1,REGULAR,REGULAR,PACF,10247
ONCO,20250717 08:00:05.754000,0,3.6,5,3.68,1,REGULAR,REGULAR,PACF,10247
ONCO,20250717 08:00:05.766000,0,3.6,5,3.68,1,REGULAR,REGULAR,PACF,10247
ONCO,20250717 08:00:05.817000,0,3.6,5,3.68,1,REGULAR,REGULAR,PACF,10247
ONCO,20250717 08:00:05.995000,0,3.6,5,3.68,1,REGULAR,REGULAR,PACF,10247
ONCO,20250717 08:00:06.250000,0,3.6,5,3.68,1,REGULAR,REGULAR,PACF,10247
ONCO,20250717 08:00:06.753000,0,3.6,5,3.68,1,REGULAR,REGULAR,PACF,10247
ONCO,20250717 08:00:06.760000,0,3.6,5,3.68,1,REGULAR,REGULAR,PACF,10247
ONCO,20250717 08:00:06.823000,0,3.6,5,3.68,1,REGULAR,REGULAR,PACF,10247
ONCO,20250717 08:00:06.976000,0,3.6,5,3.68,1,REGULAR,REGULAR,PACF,10247
ONCO,20250717 08:00:06.994000,0,3.6,5,3.68,1,REGULAR,REGULAR,PACF,10247
ONCO,20250717 08:00:07.006000,0,3.6,5,3.68,1,REGULAR,REGULAR,PACF,10247
ONCO,20250717 08:00:07.100000,0,3.6,5,3.68,1,REGULAR,REGULAR,PACF,10247
ONCO,20250717 08:00:07.132000,0,3.6,5,3.68,1,REGULAR,REGULAR,PACF,10247
ONCO,20250717 08:00:07.168000,0,3.6,5,3.68,1,REGULAR,REGULAR,PACF,10247
ONCO,20250717 08:00:08.121000,0,3.6,5,3.68,1,REGULAR,REGULAR,PACF,10247
ONCO,20250717 08:00:10.037000,0,3.6,5,3.68,1,REGULAR,REGULAR,PACF,10247
ONCO,20250717 08:00:18.760000,0,3.6,5,3.68,1,REGULAR,REGULAR,PACF,10247
ONCO,20250717 08:00:22.036000,0,3.6,5,3.68,1,REGULAR,REGULAR,PACF,10247
ONCO,20250717 08:00:22.921000,0,3.6,5,3.68,1,REGULAR,REGULAR,PACF,10247
ONCO,20250717 08:00:22.921000,0,3.6,5,3.68,1,REGULAR,REGULAR,PACF,10247
ONCO,20250717 08:00:23.867000,0,3.6,5,3.68,1,REGULAR,REGULAR,PACF,10247
ONCO,20250717 08:00:24.815000,0,3.6,5,3.68,1,REGULAR,REGULAR,PACF,10247
ONCO,20250717 08:00:28.505000,0,3.6,5,3.68,1,REGULAR,REGULAR,PACF,10247
ONCO,20250717 08:01:08.239000,0,3.6,5,3.68,1,REGULAR,REGULAR,PACF,10247
ONCO,20250717 08:05:12.984000,0,3.6,5,3.68,1,REGULAR,REGULAR,PACF,10247
ONCO,20250717 08:05:59.407000,0,3.6,5,3.67,5,REGULAR,REGULAR,PACF,10247
ONCO,20250717 08:07:46.655000,0,3.6,5,3.67,5,REGULAR,REGULAR,PACF,10247
ONCO,20250717 08:09:57.320000,0,3.6,4,3.67,5,REGULAR,REGULAR,PACF,10247
ONCO,20250717 08:09:57.320000,0,3.6,4,3.67,5,REGULAR,REGULAR,PACF,10247
ONCO,20250717 08:11:54.784000,0,3.6,4,3.67,5,REGULAR,REGULAR,PACF,10247
ONCO,20250717 08:12:20.913000,0,3.6,4,3.67,5,REGULAR,REGULAR,PACF,10247
ONCO,20250717 08:12:47.364000,0,3.6,4,3.67,5,REGULAR,REGULAR,PACF,10247
ONCO,20250717 08:15:10.196000,0,3.55,8,3.66,2,REGULAR,REGULAR,EDGX,10305
ONCO,20250717 08:15:10.196000,0,3.55,8,3.66,2,REGULAR,REGULAR,EDGX,10305
ONCO,20250717 08:15:38.487000,0,3.55,2,3.62,2,REGULAR,REGULAR,EDGX,10305
ONCO,20250717 08:15:38.487000,0,3.55,2,3.62,2,REGULAR,REGULAR,EDGX,10305
ONCO,20250717 08:15:38.487000,0,3.55,2,3.62,2,REGULAR,REGULAR,EDGX,10305
ONCO,20250717 08:15:50.159000,0,3.55,2,3.67,5,REGULAR,REGULAR,EDGX,10247
ONCO,20250717 08:17:28.069000,0,3.55,2,3.67,5,REGULAR,REGULAR,EDGX,10247
ONCO,20250717 08:17:28.070000,0,3.55,2,3.67,5,REGULAR,REGULAR,EDGX,10247
ONCO,20250717 08:17:43.984000,0,3.55,2,3.67,5,REGULAR,REGULAR,EDGX,10247
ONCO,20250717 08:17:43.985000,0,3.55,2,3.67,5,REGULAR,REGULAR,EDGX,10247
ONCO,20250717 08:18:23.223000,0,3.55,2,3.67,5,REGULAR,REGULAR,EDGX,10247
ONCO,20250717 08:18:33.588000,0,3.55,2,3.67,5,REGULAR,REGULAR,EDGX,10247
ONCO,20250717 08:18:33.588000,0,3.55,2,3.67,5,REGULAR,REGULAR,EDGX,10247
ONCO,20250717 08:18:33.588000,0,3.55,2,3.67,5,REGULAR,REGULAR,EDGX,10247
ONCO,20250717 08:19:07.269000,0,3.55,2,3.67,5,REGULAR,REGULAR,EDGX,10247
ONCO,20250717 08:19:12.524000,0,3.55,2,3.67,5,REGULAR,REGULAR,EDGX,10247
ONCO,20250717 08:19:41.459000,0,3.55,2,3.67,5,REGULAR,REGULAR,EDGX,10247
ONCO,20250717 08:20:56.893000,0,3.55,2,3.67,5,REGULAR,REGULAR,EDGX,10247
ONCO,20250717 08:20:59.662000,0,3.55,2,3.67,5,REGULAR,REGULAR,EDGX,10247
ONCO,20250717 08:21:22.598000,0,3.55,2,3.67,5,REGULAR,REGULAR,EDGX,10247
ONCO,20250717 08:21:48.323000,0,3.55,2,3.67,5,REGULAR,REGULAR,EDGX,10247
ONCO,20250717 08:21:48.323000,0,3.55,2,3.67,5,REGULAR,REGULAR,EDGX,10247
ONCO,20250717 08:21:48.323000,0,3.55,2,3.67,5,REGULAR,REGULAR,EDGX,10247
ONCO,20250717 08:21:48.324000,0,3.57,1,3.67,5,REGULAR,REGULAR,NQEX,10247
ONCO,20250717 08:21:48.324000,0,3.57,1,3.67,5,REGULAR,REGULAR,NQEX,10247
ONCO,20250717 08:21:48.324000,0,3.57,1,3.67,5,REGULAR,REGULAR,NQEX,10247
ONCO,20250717 08:21:48.324000,0,3.57,1,3.67,5,REGULAR,REGULAR,NQEX,10247
ONCO,20250717 08:21:48.324000,0,3.57,1,3.67,5,REGULAR,REGULAR,NQEX,10247
ONCO,20250717 08:21:48.324000,0,3.57,1,3.67,5,REGULAR,REGULAR,NQEX,10247
ONCO,20250717 08:21:48.324000,0,3.57,1,3.67,5,REGULAR,REGULAR,NQEX,10247
ONCO,20250717 08:21:48.324000,0,3.57,1,3.67,5,REGULAR,REGULAR,NQEX,10247
ONCO,20250717 08:21:48.324000,0,3.57,1,3.67,5,REGULAR,REGULAR,NQEX,10247
ONCO,20250717 08:21:48.324000,0,3.57,1,3.67,5,REGULAR,REGULAR,NQEX,10247
ONCO,20250717 08:21:48.324000,0,3.57,1,3.67,5,REGULAR,REGULAR,NQEX,10247
ONCO,20250717 08:21:48.324000,0,3.57,1,3.67,5,REGULAR,REGULAR,NQEX,10247
ONCO,20250717 08:21:48.324000,0,3.57,1,3.67,5,REGULAR,REGULAR,NQEX,10247
ONCO,20250717 08:21:48.325000,0,3.6,1,3.67,2,REGULAR,REGULAR,PACF,10247
ONCO,20250717 08:23:27.430000,0,3.69,5,3.71,2,REGULAR,REGULAR,EDGX,10247
ONCO,20250717 08:23:27.430000,0,3.69,5,3.71,2,REGULAR,REGULAR,EDGX,10247
ONCO,20250717 08:23:27.430000,0,3.69,5,3.71,2,REGULAR,REGULAR,EDGX,10247
ONCO,20250717 08:23:27.430000,0,3.69,5,3.71,2,REGULAR,REGULAR,EDGX,10247
ONCO,20250717 08:23:27.430000,0,3.69,5,3.71,2,REGULAR,REGULAR,EDGX,10247
ONCO,20250717 08:24:00.588000,0,3.65,2,3.75,1,REGULAR,REGULAR,PACF,10247
ONCO,20250717 08:24:44.552000,0,3.56,2,3.74,2,REGULAR,REGULAR,PACF,10305
ONCO,20250717 08:24:58.987000,0,3.55,3,3.73,2,REGULAR,REGULAR,EDGX,10247
ONCO,20250717 08:25:52.540000,0,3.55,2,3.68,1,REGULAR,REGULAR,EDGX,10300
ONCO,20250717 08:25:52.540000,0,3.55,2,3.68,1,REGULAR,REGULAR,EDGX,10300
ONCO,20250717 08:25:56.533000,0,3.62,4,3.69,1,REGULAR,REGULAR,MEMX,10305
ONCO,20250717 08:25:56.533000,0,3.62,4,3.69,1,REGULAR,REGULAR,MEMX,10305
ONCO,20250717 08:25:56.533000,0,3.62,4,3.69,1,REGULAR,REGULAR,MEMX,10305
ONCO,20250717 08:25:56.534000,0,3.59,1,3.69,1,REGULAR,REGULAR,PACF,10305
ONCO,20250717 08:26:20.754000,0,3.55,3,3.69,1,REGULAR,REGULAR,EDGX,10305
ONCO,20250717 08:26:20.754000,0,3.55,3,3.69,1,REGULAR,REGULAR,EDGX,10305
ONCO,20250717 08:26:20.754000,0,3.55,3,3.69,1,REGULAR,REGULAR,EDGX,10305
ONCO,20250717 08:27:57.821000,0,3.55,2,3.75,1,REGULAR,REGULAR,EDGX,10247
ONCO,20250717 08:35:08.877000,0,3.6,7,3.75,1,REGULAR,REGULAR,EDGX,10305
ONCO,20250717 08:38:08.393000,0,3.6,11,3.69,1,REGULAR,REGULAR,MEMX,10305
ONCO,20250717 08:38:08.393000,0,3.6,11,3.69,1,REGULAR,REGULAR,MEMX,10305
ONCO,20250717 08:38:12.046000,0,3.6,11,3.75,1,REGULAR,REGULAR,MEMX,10305
ONCO,20250717 08:38:22.568000,0,3.6,11,3.75,1,REGULAR,REGULAR,MEMX,10305
ONCO,20250717 08:41:38.277000,0,3.6,11,3.75,6,REGULAR,REGULAR,MEMX,10305
ONCO,20250717 08:42:46.272000,0,3.64,11,3.75,6,REGULAR,REGULAR,BATY,10305
ONCO,20250717 08:43:12.172000,0,3.64,11,3.75,6,REGULAR,REGULAR,BATY,10305
ONCO,20250717 08:44:10.904000,0,3.65,18,3.75,6,REGULAR,REGULAR,PACF,10305
ONCO,20250717 08:44:10.904000,0,3.65,18,3.75,6,REGULAR,REGULAR,PACF,10305
ONCO,20250717 08:44:11.141000,0,3.65,18,3.75,6,REGULAR,REGULAR,PACF,10305
ONCO,20250717 08:45:38.554000,0,3.66,11,3.75,6,REGULAR,REGULAR,EDGX,10305
ONCO,20250717 08:45:38.554000,0,3.66,11,3.75,6,REGULAR,REGULAR,EDGX,10305
ONCO,20250717 08:47:46.699000,0,3.65,12,3.75,6,REGULAR,REGULAR,EDGX,10305
ONCO,20250717 08:47:46.703000,0,3.65,12,3.75,6,REGULAR,REGULAR,EDGX,10305
ONCO,20250717 08:50:01.434000,0,3.65,12,3.75,6,REGULAR,REGULAR,EDGX,10305
ONCO,20250717 08:50:50.500000,0,3.69,12,3.75,6,REGULAR,REGULAR,EDGX,10305
ONCO,20250717 08:50:55.232000,0,3.69,12,3.75,6,REGULAR,REGULAR,EDGX,10305
ONCO,20250717 08:51:31.209000,0,3.66,12,3.7,2,REGULAR,REGULAR,MEMX,10300
ONCO,20250717 08:51:42.784000,0,3.66,12,3.7,1,REGULAR,REGULAR,MEMX,10300
ONCO,20250717 08:53:53.133000,0,3.67,15,3.7,1,REGULAR,REGULAR,EDGX,10300
ONCO,20250717 08:54:10.551000,0,3.67,15,3.7,1,REGULAR,REGULAR,EDGX,10300
ONCO,20250717 08:54:10.552000,0,3.67,15,3.7,1,REGULAR,REGULAR,EDGX,10300
ONCO,20250717 08:54:37.675000,0,3.67,15,3.7,1,REGULAR,REGULAR,EDGX,10300
ONCO,20250717 08:55:53.667000,0,3.67,17,3.7,1,REGULAR,REGULAR,PACF,10300
ONCO,20250717 08:56:19.863000,0,3.67,17,3.7,1,REGULAR,REGULAR,PACF,10300
ONCO,20250717 08:57:27.990000,0,3.67,17,3.7,1,REGULAR,REGULAR,PACF,10300
ONCO,20250717 08:59:12.243000,0,3.67,17,3.7,1,REGULAR,REGULAR,EDGX,10300
ONCO,20250717 08:59:19.297000,0,3.67,17,3.7,1,REGULAR,REGULAR,EDGX,10300
ONCO,20250717 08:59:55.041000,0,3.68,17,3.7,1,REGULAR,REGULAR,PACF,10300
ONCO,20250717 09:00:21.533000,0,3.69,17,3.7,1,REGULAR,REGULAR,MEMX,10300
ONCO,20250717 09:00:32.805000,0,3.69,16,3.7,1,REGULAR,REGULAR,MEMX,10300
ONCO,20250717 09:00:32.805000,0,3.69,16,3.7,1,REGULAR,REGULAR,MEMX,10300
ONCO,20250717 09:00:44.917000,0,3.69,16,3.7,1,REGULAR,REGULAR,MEMX,10300
ONCO,20250717 09:00:53.107000,0,3.69,16,3.7,1,REGULAR,REGULAR,MEMX,10300
ONCO,20250717 09:01:09.774000,0,3.69,16,3.7,1,REGULAR,REGULAR,MEMX,10300
ONCO,20250717 09:01:46.386000,0,3.69,16,3.7,1,REGULAR,REGULAR,MEMX,10300
ONCO,20250717 09:01:58.661000,0,3.69,16,3.7,1,REGULAR,REGULAR,MEMX,10300
ONCO,20250717 09:02:14.592000,0,3.7,15,3.73,1,REGULAR,REGULAR,MEMX,10247
ONCO,20250717 09:02:14.592000,0,3.7,15,3.73,1,REGULAR,REGULAR,MEMX,10247
ONCO,20250717 09:02:20.819000,0,3.7,15,3.73,1,REGULAR,REGULAR,MEMX,10247
ONCO,20250717 09:02:20.819000,0,3.7,15,3.73,1,REGULAR,REGULAR,MEMX,10247
ONCO,20250717 09:02:34.759000,0,3.7,15,3.73,1,REGULAR,REGULAR,MEMX,10247
ONCO,20250717 09:02:46.959000,0,3.7,15,3.73,1,REGULAR,REGULAR,MEMX,10247
ONCO,20250717 09:02:52.918000,0,3.7,15,3.73,1,REGULAR,REGULAR,MEMX,10247
ONCO,20250717 09:02:58.438000,0,3.65,6,3.74,1,REGULAR,REGULAR,PACF,10247
ONCO,20250717 09:02:58.438000,0,3.65,6,3.74,1,REGULAR,REGULAR,PACF,10247
ONCO,20250717 09:02:58.438000,0,3.65,6,3.74,1,REGULAR,REGULAR,PACF,10247
ONCO,20250717 09:02:58.439000,0,3.71,1,3.75,6,REGULAR,REGULAR,PACF,10305
ONCO,20250717 09:02:58.439000,0,3.71,1,3.75,6,REGULAR,REGULAR,PACF,10305
ONCO,20250717 09:02:58.439000,0,3.71,1,3.75,6,REGULAR,REGULAR,PACF,10305
ONCO,20250717 09:03:16.675000,0,3.7,1,3.75,6,REGULAR,REGULAR,PACF,10305
ONCO,20250717 09:03:17.761000,0,3.7,1,3.75,6,REGULAR,REGULAR,PACF,10305
ONCO,20250717 09:03:17.775000,0,3.65,6,3.75,6,REGULAR,REGULAR,PACF,10305
ONCO,20250717 09:03:28.834000,0,3.74,8,3.75,6,REGULAR,REGULAR,PACF,10305
ONCO,20250717 09:03:34.763000,0,3.7,1,3.75,6,REGULAR,REGULAR,PACF,10305
ONCO,20250717 09:04:03.523000,0,3.74,8,3.75,6,REGULAR,REGULAR,PACF,10305
ONCO,20250717 09:04:03.523000,0,3.74,8,3.75,6,REGULAR,REGULAR,PACF,10305
ONCO,20250717 09:04:16.514000,0,3.74,8,3.75,5,REGULAR,REGULAR,PACF,10305
ONCO,20250717 09:04:22.225000,0,3.74,6,3.75,5,REGULAR,REGULAR,PACF,10305
ONCO,20250717 09:04:22.225000,0,3.74,6,3.75,5,REGULAR,REGULAR,PACF,10305
ONCO,20250717 09:04:24.466000,0,3.74,6,3.75,5,REGULAR,REGULAR,PACF,10305
ONCO,20250717 09:04:24.490000,0,3.74,6,3.75,5,REGULAR,REGULAR,PACF,10305
ONCO,20250717 09:04:32.109000,0,3.74,6,3.75,5,REGULAR,REGULAR,PACF,10305
ONCO,20250717 09:04:38.194000,0,3.74,4,3.75,5,REGULAR,REGULAR,PACF,10305
ONCO,20250717 09:05:30.098000,0,3.74,5,3.75,10,REGULAR,REGULAR,PACF,10305
ONCO,20250717 09:05:36.194000,0,3.74,5,3.75,10,REGULAR,REGULAR,PACF,10305
ONCO,20250717 09:06:06.462000,0,3.74,5,3.75,10,REGULAR,REGULAR,PACF,10305
ONCO,20250717 09:06:10.530000,0,3.74,5,3.75,10,REGULAR,REGULAR,PACF,10305
ONCO,20250717 09:06:26.007000,0,3.74,5,3.75,10,REGULAR,REGULAR,PACF,10305
ONCO,20250717 09:06:43.175000,0,3.74,5,3.75,10,REGULAR,REGULAR,PACF,10305
ONCO,20250717 09:07:06.336000,0,3.74,1,3.75,6,REGULAR,REGULAR,PACF,10305
ONCO,20250717 09:07:39.086000,0,3.7,1,3.75,6,REGULAR,REGULAR,PACF,10305
ONCO,20250717 09:07:40.483000,0,3.65,6,3.75,6,REGULAR,REGULAR,PACF,10305
ONCO,20250717 09:09:37.692000,0,3.65,6,3.75,6,REGULAR,REGULAR,PACF,10305
ONCO,20250717 09:09:41.017000,0,3.67,1,3.75,6,REGULAR,REGULAR,EDGX,10305
ONCO,20250717 09:09:47.722000,0,3.67,1,3.75,6,REGULAR,REGULAR,EDGX,10305
ONCO,20250717 09:10:41.020000,0,3.67,1,3.75,6,REGULAR,REGULAR,EDGX,10305
ONCO,20250717 09:11:57.894000,0,3.7,3,3.75,6,REGULAR,REGULAR,EDGX,10305
ONCO,20250717 09:12:12.024000,0,3.7,3,3.75,6,REGULAR,REGULAR,EDGX,10305
ONCO,20250717 09:12:14.022000,0,3.7,3,3.75,6,REGULAR,REGULAR,EDGX,10305
ONCO,20250717 09:12:16.099000,0,3.7,3,3.75,6,REGULAR,REGULAR,EDGX,10305
ONCO,20250717 09:12:21.179000,0,3.7,3,3.75,6,REGULAR,REGULAR,EDGX,10305
ONCO,20250717 09:12:34.740000,0,3.7,3,3.75,6,REGULAR,REGULAR,EDGX,10305
ONCO,20250717 09:12:37.668000,0,3.7,1,3.75,6,REGULAR,REGULAR,EDGX,10305
ONCO,20250717 09:12:46.474000,0,3.7,1,3.75,6,REGULAR,REGULAR,EDGX,10305
ONCO,20250717 09:13:17.600000,0,3.7,1,3.75,6,REGULAR,REGULAR,EDGX,10305
ONCO,20250717 09:14:35.226000,0,3.7,1,3.75,6,REGULAR,REGULAR,EDGX,10305
ONCO,20250717 09:19:16.384000,0,3.7,1,3.72,2,REGULAR,REGULAR,EDGX,10247
ONCO,20250717 09:19:37.189000,0,3.7,1,3.72,2,REGULAR,REGULAR,EDGX,10247
ONCO,20250717 09:20:56.929000,0,3.7,1,3.72,2,REGULAR,REGULAR,EDGX,10247
ONCO,20250717 09:22:45.754000,0,3.7,1,3.72,1,REGULAR,REGULAR,EDGX,10247
ONCO,20250717 09:23:04.857000,0,3.7,1,3.74,1,REGULAR,REGULAR,EDGX,10305
ONCO,20250717 09:23:12.865000,0,3.7,2,3.75,6,REGULAR,REGULAR,EDGX,10305
ONCO,20250717 09:23:12.866000,0,3.71,1,3.75,6,REGULAR,REGULAR,EDGX,10305
ONCO,20250717 09:23:12.867000,0,3.71,1,3.75,4,REGULAR,REGULAR,EDGX,10247
ONCO,20250717 09:23:12.867000,0,3.71,1,3.75,4,REGULAR,REGULAR,EDGX,10247
ONCO,20250717 09:23:12.867000,0,3.71,1,3.75,4,REGULAR,REGULAR,EDGX,10247
ONCO,20250717 09:24:51.104000,0,3.7,1,3.75,4,REGULAR,REGULAR,EDGX,10247
ONCO,20250717 09:26:06.106000,0,3.67,1,3.7,10,REGULAR,REGULAR,EDGX,10305
ONCO,20250717 09:26:35.222000,0,3.67,1,3.7,10,REGULAR,REGULAR,EDGX,10305
ONCO,20250717 09:26:35.419000,0,3.67,1,3.7,10,REGULAR,REGULAR,EDGX,10305
ONCO,20250717 09:26:40.756000,0,3.67,1,3.7,10,REGULAR,REGULAR,EDGX,10305
ONCO,20250717 09:26:51.893000,0,3.67,1,3.75,3,REGULAR,REGULAR,EDGX,10247
ONCO,20250717 09:28:52.080000,0,3.55,65,3.74,1,REGULAR,REGULAR,NQEX,10303
ONCO,20250717 09:29:59.133000,0,3.55,65,3.75,2,REGULAR,REGULAR,NQEX,10247
ONCO,20250717 09:30:00.088000,0,3.55,65,3.75,6,REGULAR,REGULAR,NQEX,10247
ONCO,20250717 09:30:00.088000,0,3.55,65,3.75,6,REGULAR,REGULAR,NQEX,10247
ONCO,20250717 09:30:00.088000,0,3.55,65,3.75,6,REGULAR,REGULAR,NQEX,10247
ONCO,20250717 09:30:00.088000,0,3.55,65,3.75,6,REGULAR,REGULAR,NQEX,10247
ONCO,20250717 09:30:00.758000,0,3.55,65,3.75,8,REGULAR,REGULAR,NQEX,10241
ONCO,20250717 09:30:00.758000,0,3.55,65,3.75,8,REGULAR,REGULAR,NQEX,10241
ONCO,20250717 09:30:00.794000,0,3.55,65,3.75,8,REGULAR,REGULAR,NQEX,10241
ONCO,20250717 09:30:00.854000,0,3.55,65,3.75,8,REGULAR,REGULAR,NQEX,10241
ONCO,20250717 09:30:01.121000,0,3.55,65,3.75,8,REGULAR,REGULAR,NQEX,10241
ONCO,20250717 09:30:01.164000,0,3.55,65,3.75,8,REGULAR,REGULAR,NQEX,10241
ONCO,20250717 09:30:01.178000,0,3.55,65,3.75,8,REGULAR,REGULAR,NQEX,10241
ONCO,20250717 09:30:01.507000,0,3.59,1,3.75,7,REGULAR,REGULAR,NQEX,10241
ONCO,20250717 09:30:21.340000,0,3.55,69,3.7,30,REGULAR,REGULAR,NQEX,10241
ONCO,20250717 09:30:27.221000,0,3.55,69,3.7,30,REGULAR,REGULAR,NQEX,10241
ONCO,20250717 09:30:52.171000,0,3.55,69,3.7,30,REGULAR,REGULAR,NQEX,10241
ONCO,20250717 09:30:52.177000,0,3.55,69,3.7,30,REGULAR,REGULAR,NQEX,10241
ONCO,20250717 09:30:52.177000,0,3.55,69,3.7,30,REGULAR,REGULAR,NQEX,10241
ONCO,20250717 09:30:52.177000,0,3.55,69,3.7,30,REGULAR,REGULAR,NQEX,10241
ONCO,20250717 09:31:19.198000,0,3.58,1,3.7,30,REGULAR,REGULAR,EDGX,10241
ONCO,20250717 09:31:26.159000,0,3.58,1,3.7,24,REGULAR,REGULAR,EDGX,10241
ONCO,20250717 09:31:26.159000,0,3.58,1,3.7,24,REGULAR,REGULAR,EDGX,10241
ONCO,20250717 09:31:26.160000,0,3.58,1,3.7,24,REGULAR,REGULAR,EDGX,10241
ONCO,20250717 09:31:26.525000,0,3.58,1,3.7,1,REGULAR,REGULAR,EDGX,10241
ONCO,20250717 09:31:26.525000,0,3.58,1,3.7,1,REGULAR,REGULAR,EDGX,10241
ONCO,20250717 09:31:26.526000,0,3.58,1,3.74,1,REGULAR,REGULAR,EDGX,10241
ONCO,20250717 09:31:26.526000,0,3.58,1,3.74,1,REGULAR,REGULAR,EDGX,10241
ONCO,20250717 09:31:26.535000,0,3.66,1,3.75,7,REGULAR,REGULAR,NQEX,10241
ONCO,20250717 09:31:26.536000,0,3.66,1,3.75,7,REGULAR,REGULAR,NQEX,10241
ONCO,20250717 09:31:26.538000,0,3.71,2,3.78,3,REGULAR,REGULAR,NQEX,10241
ONCO,20250717 09:31:26.538000,0,3.71,2,3.78,3,REGULAR,REGULAR,NQEX,10241
ONCO,20250717 09:31:26.538000,0,3.71,2,3.78,3,REGULAR,REGULAR,NQEX,10241
ONCO,20250717 09:31:26.538000,0,3.71,2,3.78,3,REGULAR,REGULAR,NQEX,10241
ONCO,20250717 09:31:26.540000,0,3.71,2,3.78,3,REGULAR,REGULAR,NQEX,10241
ONCO,20250717 09:31:26.540000,0,3.71,2,3.78,3,REGULAR,REGULAR,NQEX,10241
ONCO,20250717 09:31:26.542000,0,3.75,1,3.79,1,REGULAR,REGULAR,NQEX,10241
ONCO,20250717 09:31:26.542000,0,3.75,1,3.79,1,REGULAR,REGULAR,NQEX,10241
ONCO,20250717 09:31:26.542000,0,3.75,1,3.79,1,REGULAR,REGULAR,NQEX,10241
ONCO,20250717 09:31:26.543000,0,3.75,1,3.79,1,REGULAR,REGULAR,NQEX,10241
ONCO,20250717 09:31:26.543000,0,3.75,1,3.79,1,REGULAR,REGULAR,NQEX,10241
ONCO,20250717 09:31:26.545000,0,3.75,1,3.8,14,REGULAR,REGULAR,NQEX,10247
ONCO,20250717 09:31:26.545000,0,3.75,1,3.8,14,REGULAR,REGULAR,NQEX,10247
ONCO,20250717 09:31:26.545000,0,3.75,1,3.8,14,REGULAR,REGULAR,NQEX,10247
ONCO,20250717 09:31:26.546000,0,3.75,1,3.8,14,REGULAR,REGULAR,NQEX,10247
ONCO,20250717 09:31:26.546000,0,3.75,1,3.8,14,REGULAR,REGULAR,NQEX,10247
ONCO,20250717 09:31:26.546000,0,3.75,1,3.8,14,REGULAR,REGULAR,NQEX,10247
ONCO,20250717 09:31:26.547000,0,3.75,1,3.8,14,REGULAR,REGULAR,NQEX,10247
ONCO,20250717 09:31:26.547000,0,3.75,1,3.8,14,REGULAR,REGULAR,NQEX,10247
ONCO,20250717 09:31:26.547000,0,3.75,1,3.8,14,REGULAR,REGULAR,NQEX,10247
ONCO,20250717 09:31:26.547000,0,3.75,1,3.8,14,REGULAR,REGULAR,NQEX,10247
ONCO,20250717 09:31:26.547000,0,3.75,1,3.8,14,REGULAR,REGULAR,NQEX,10247
ONCO,20250717 09:31:26.547000,0,3.75,1,3.8,14,REGULAR,REGULAR,NQEX,10247
ONCO,20250717 09:31:26.547000,0,3.75,1,3.8,14,REGULAR,REGULAR,NQEX,10247
ONCO,20250717 09:31:26.547000,0,3.75,1,3.8,14,REGULAR,REGULAR,NQEX,10247
ONCO,20250717 09:31:26.548000,0,3.75,1,3.8,1,REGULAR,REGULAR,NQEX,10247
ONCO,20250717 09:31:26.548000,0,3.75,1,3.8,1,REGULAR,REGULAR,NQEX,10247
ONCO,20250717 09:31:26.548000,0,3.75,1,3.8,1,REGULAR,REGULAR,NQEX,10247
ONCO,20250717 09:31:26.548000,0,3.75,1,3.8,1,REGULAR,REGULAR,NQEX,10247
ONCO,20250717 09:31:26.548000,0,3.75,1,3.8,1,REGULAR,REGULAR,NQEX,10247
ONCO,20250717 09:31:26.548000,0,3.75,1,3.8,1,REGULAR,REGULAR,NQEX,10247
ONCO,20250717 09:31:26.548000,0,3.75,1,3.8,1,REGULAR,REGULAR,NQEX,10247
ONCO,20250717 09:31:26.548000,0,3.75,1,3.8,1,REGULAR,REGULAR,NQEX,10247
ONCO,20250717 09:31:26.548000,0,3.75,1,3.8,1,REGULAR,REGULAR,NQEX,10247
ONCO,20250717 09:31:26.548000,0,3.75,1,3.8,1,REGULAR,REGULAR,NQEX,10247
ONCO,20250717 09:31:26.548000,0,3.75,1,3.8,1,REGULAR,REGULAR,NQEX,10247
ONCO,20250717 09:31:26.550000,0,3.75,1,3.84,4,REGULAR,REGULAR,NQEX,10241
ONCO,20250717 09:31:26.550000,0,3.75,1,3.84,4,REGULAR,REGULAR,NQEX,10241
ONCO,20250717 09:31:26.552000,0,3.75,4,3.84,4,REGULAR,REGULAR,NQEX,10241
ONCO,20250717 09:31:26.552000,0,3.75,4,3.84,4,REGULAR,REGULAR,NQEX,10241
ONCO,20250717 09:31:26.556000,0,3.78,3,3.85,5,REGULAR,REGULAR,NQEX,10247
ONCO,20250717 09:31:26.556000,0,3.78,3,3.85,5,REGULAR,REGULAR,NQEX,10247
ONCO,20250717 09:31:26.556000,0,3.78,3,3.85,5,REGULAR,REGULAR,NQEX,10247
ONCO,20250717 09:31:26.556000,0,3.78,3,3.85,5,REGULAR,REGULAR,NQEX,10247
ONCO,20250717 09:31:26.556000,0,3.78,3,3.85,5,REGULAR,REGULAR,NQEX,10247
ONCO,20250717 09:31:26.556000,0,3.78,3,3.85,5,REGULAR,REGULAR,NQEX,10247
ONCO,20250717 09:31:26.556000,0,3.78,3,3.85,5,REGULAR,REGULAR,NQEX,10247
ONCO,20250717 09:31:26.558000,0,3.78,3,3.85,5,REGULAR,REGULAR,NQEX,10247
ONCO,20250717 09:31:26.558000,0,3.78,3,3.85,5,REGULAR,REGULAR,NQEX,10247
ONCO,20250717 09:31:26.560000,0,3.81,1,3.86,26,REGULAR,REGULAR,NQEX,10247
ONCO,20250717 09:31:26.560000,0,3.81,1,3.86,26,REGULAR,REGULAR,NQEX,10247
ONCO,20250717 09:31:26.560000,0,3.81,1,3.86,26,REGULAR,REGULAR,NQEX,10247
ONCO,20250717 09:31:26.560000,0,3.81,1,3.86,26,REGULAR,REGULAR,NQEX,10247
ONCO,20250717 09:31:26.560000,0,3.81,1,3.86,26,REGULAR,REGULAR,NQEX,10247
ONCO,20250717 09:31:26.560000,0,3.81,1,3.86,26,REGULAR,REGULAR,NQEX,10247
ONCO,20250717 09:31:26.564000,0,3.81,1,3.84,2,REGULAR,REGULAR,NQEX,10241
ONCO,20250717 09:31:26.564000,0,3.81,1,3.84,2,REGULAR,REGULAR,NQEX,10241
ONCO,20250717 09:31:26.564000,0,3.81,1,3.84,2,REGULAR,REGULAR,NQEX,10241
ONCO,20250717 09:31:26.564000,0,3.81,1,3.84,2,REGULAR,REGULAR,NQEX,10241
ONCO,20250717 09:31:26.564000,0,3.81,1,3.84,2,REGULAR,REGULAR,NQEX,10241
ONCO,20250717 09:31:26.564000,0,3.81,1,3.84,2,REGULAR,REGULAR,NQEX,10241
ONCO,20250717 09:31:26.564000,0,3.81,1,3.84,2,REGULAR,REGULAR,NQEX,10241
ONCO,20250717 09:31:26.564000,0,3.81,1,3.84,2,REGULAR,REGULAR,NQEX,10241
ONCO,20250717 09:31:26.564000,0,3.81,1,3.84,2,REGULAR,REGULAR,NQEX,10241
ONCO,20250717 09:31:26.564000,0,3.81,1,3.84,2,REGULAR,REGULAR,NQEX,10241
ONCO,20250717 09:31:26.564000,0,3.81,1,3.84,2,REGULAR,REGULAR,NQEX,10241
ONCO,20250717 09:31:26.564000,0,3.81,1,3.84,2,REGULAR,REGULAR,NQEX,10241
ONCO,20250717 09:31:26.564000,0,3.81,1,3.84,2,REGULAR,REGULAR,NQEX,10241
ONCO,20250717 09:31:26.564000,0,3.81,1,3.84,2,REGULAR,REGULAR,NQEX,10241
ONCO,20250717 09:31:26.565000,0,3.78,3,3.84,3,REGULAR,REGULAR,NQEX,10241
ONCO,20250717 09:31:30.041000,0,3.67,1,3.86,2,REGULAR,REGULAR,NQEX,10247
ONCO,20250717 09:31:31.225000,0,3.67,1,3.86,2,REGULAR,REGULAR,NQEX,10247
ONCO,20250717 09:31:33.477000,0,3.67,1,3.86,2,REGULAR,REGULAR,NQEX,10247
ONCO,20250717 09:31:38.804000,0,3.67,1,3.86,2,REGULAR,REGULAR,NQEX,10247
ONCO,20250717 09:31:38.804000,0,3.67,1,3.86,2,REGULAR,REGULAR,NQEX,10247
ONCO,20250717 09:31:38.804000,0,3.67,1,3.86,2,REGULAR,REGULAR,NQEX,10247
ONCO,20250717 09:31:38.804000,0,3.67,1,3.86,2,REGULAR,REGULAR,NQEX,10247
ONCO,20250717 09:31:38.804000,0,3.67,1,3.86,2,REGULAR,REGULAR,NQEX,10247
ONCO,20250717 09:31:38.804000,0,3.67,1,3.86,2,REGULAR,REGULAR,NQEX,10247
ONCO,20250717 09:31:38.804000,0,3.67,1,3.86,2,REGULAR,REGULAR,NQEX,10247
ONCO,20250717 09:31:38.805000,0,3.67,1,3.86,2,REGULAR,REGULAR,NQEX,10247
ONCO,20250717 09:31:38.805000,0,3.67,1,3.86,2,REGULAR,REGULAR,NQEX,10247
ONCO,20250717 09:31:38.805000,0,3.67,1,3.86,2,REGULAR,REGULAR,NQEX,10247
ONCO,20250717 09:31:43.948000,0,3.67,1,3.86,2,REGULAR,REGULAR,NQEX,10247
ONCO,20250717 09:32:04.725000,0,3.59,3,3.79,1,REGULAR,REGULAR,PACF,10241
ONCO,20250717 09:32:05.924000,0,3.59,3,3.79,1,REGULAR,REGULAR,PACF,10241
ONCO,20250717 09:32:05.924000,0,3.59,3,3.79,1,REGULAR,REGULAR,PACF,10241
ONCO,20250717 09:32:05.925000,0,3.59,3,3.79,1,REGULAR,REGULAR,PACF,10241
ONCO,20250717 09:32:05.928000,0,3.59,3,3.79,1,REGULAR,REGULAR,PACF,10241
ONCO,20250717 09:32:05.940000,0,3.59,3,3.79,1,REGULAR,REGULAR,PACF,10241
ONCO,20250717 09:32:06.541000,0,3.59,3,3.79,1,REGULAR,REGULAR,PACF,10241
ONCO,20250717 09:32:17.585000,0,3.59,3,3.79,1,REGULAR,REGULAR,PACF,10241
ONCO,20250717 09:32:30.091000,0,3.6,4,3.75,1,REGULAR,REGULAR,NQEX,10241
ONCO,20250717 09:32:35.687000,0,3.6,4,3.75,1,REGULAR,REGULAR,NQEX,10241
ONCO,20250717 09:32:35.691000,0,3.6,4,3.75,1,REGULAR,REGULAR,NQEX,10241
ONCO,20250717 09:32:35.691000,0,3.6,4,3.75,1,REGULAR,REGULAR,NQEX,10241
ONCO,20250717 09:32:35.691000,0,3.6,4,3.75,1,REGULAR,REGULAR,NQEX,10241
ONCO,20250717 09:32:45.374000,0,3.6,4,3.75,1,REGULAR,REGULAR,NQEX,10241
ONCO,20250717 09:32:48.948000,0,3.6,4,3.75,1,REGULAR,REGULAR,NQEX,10241
ONCO,20250717 09:32:58.789000,0,3.6,4,3.75,1,REGULAR,REGULAR,NQEX,10241
ONCO,20250717 09:33:05.153000,0,3.6,4,3.74,1,REGULAR,REGULAR,NQEX,10241
ONCO,20250717 09:33:07.638000,0,3.6,4,3.74,1,REGULAR,REGULAR,NQEX,10241
ONCO,20250717 09:33:12.082000,0,3.6,4,3.74,1,REGULAR,REGULAR,NQEX,10241
ONCO,20250717 09:33:13.606000,0,3.6,4,3.74,1,REGULAR,REGULAR,NQEX,10241
ONCO,20250717 09:33:21.564000,0,3.6,4,3.74,1,REGULAR,REGULAR,NQEX,10241
ONCO,20250717 09:33:27.962000,0,3.6,4,3.74,1,REGULAR,REGULAR,NQEX,10241
ONCO,20250717 09:33:37.233000,0,3.6,4,3.74,1,REGULAR,REGULAR,NQEX,10241
ONCO,20250717 09:33:40.838000,0,3.6,4,3.74,1,REGULAR,REGULAR,NQEX,10241
ONCO,20250717 09:33:58.943000,0,3.6,5,3.74,1,REGULAR,REGULAR,NQEX,10241
ONCO,20250717 09:33:58.986000,0,3.6,5,3.74,1,REGULAR,REGULAR,NQEX,10241
ONCO,20250717 09:33:59.000000,0,3.6,5,3.71,1,REGULAR,REGULAR,NQEX,10241
ONCO,20250717 09:33:59.001000,0,3.6,5,3.71,1,REGULAR,REGULAR,NQEX,10241
ONCO,20250717 09:33:59.712000,0,3.6,4,3.65,1,REGULAR,REGULAR,NQEX,10241
ONCO,20250717 09:33:59.712000,0,3.6,4,3.65,1,REGULAR,REGULAR,NQEX,10241
ONCO,20250717 09:33:59.712000,0,3.6,4,3.65,1,REGULAR,REGULAR,NQEX,10241
ONCO,20250717 09:33:59.712000,0,3.6,4,3.65,1,REGULAR,REGULAR,NQEX,10241
ONCO,20250717 09:33:59.712000,0,3.6,4,3.65,1,REGULAR,REGULAR,NQEX,10241
ONCO,20250717 09:33:59.712000,0,3.6,4,3.65,1,REGULAR,REGULAR,NQEX,10241
ONCO,20250717 09:33:59.712000,0,3.6,4,3.65,1,REGULAR,REGULAR,NQEX,10241
ONCO,20250717 09:33:59.712000,0,3.6,4,3.65,1,REGULAR,REGULAR,NQEX,10241
ONCO,20250717 09:33:59.712000,0,3.6,4,3.65,1,REGULAR,REGULAR,NQEX,10241
ONCO,20250717 09:33:59.712000,0,3.6,4,3.65,1,REGULAR,REGULAR,NQEX,10241
ONCO,20250717 09:33:59.712000,0,3.6,4,3.65,1,REGULAR,REGULAR,NQEX,10241
ONCO,20250717 09:33:59.712000,0,3.6,4,3.65,1,REGULAR,REGULAR,NQEX,10241
ONCO,20250717 09:33:59.712000,0,3.6,4,3.65,1,REGULAR,REGULAR,NQEX,10241
ONCO,20250717 09:33:59.712000,0,3.6,4,3.65,1,REGULAR,REGULAR,NQEX,10241
ONCO,20250717 09:33:59.713000,0,3.62,1,3.68,1,REGULAR,REGULAR,NQEX,10241
ONCO,20250717 09:33:59.713000,0,3.62,1,3.68,1,REGULAR,REGULAR,NQEX,10241
ONCO,20250717 09:33:59.713000,0,3.62,1,3.68,1,REGULAR,REGULAR,NQEX,10241
ONCO,20250717 09:33:59.714000,0,3.62,1,3.68,1,REGULAR,REGULAR,NQEX,10241
ONCO,20250717 09:33:59.714000,0,3.62,1,3.68,1,REGULAR,REGULAR,NQEX,10241
ONCO,20250717 09:33:59.714000,0,3.62,1,3.68,1,REGULAR,REGULAR,NQEX,10241
ONCO,20250717 09:34:00.589000,0,3.6,4,3.7,10,REGULAR,REGULAR,NQEX,10247
ONCO,20250717 09:34:00.590000,0,3.6,4,3.7,10,REGULAR,REGULAR,NQEX,10247
ONCO,20250717 09:34:00.590000,0,3.6,4,3.7,10,REGULAR,REGULAR,NQEX,10247
ONCO,20250717 09:34:00.590000,0,3.6,4,3.7,10,REGULAR,REGULAR,NQEX,10247
ONCO,20250717 09:34:00.592000,0,3.6,4,3.7,10,REGULAR,REGULAR,NQEX,10247
ONCO,20250717 09:34:00.592000,0,3.6,4,3.7,10,REGULAR,REGULAR,NQEX,10247
ONCO,20250717 09:34:00.592000,0,3.6,4,3.7,10,REGULAR,REGULAR,NQEX,10247
ONCO,20250717 09:34:01.101000,0,3.6,4,3.7,10,REGULAR,REGULAR,NQEX,10247
ONCO,20250717 09:34:01.598000,0,3.6,4,3.7,10,REGULAR,REGULAR,NQEX,10247
ONCO,20250717 09:34:01.600000,0,3.6,4,3.7,10,REGULAR,REGULAR,NQEX,10247
ONCO,20250717 09:34:01.600000,0,3.6,4,3.7,10,REGULAR,REGULAR,NQEX,10247
ONCO,20250717 09:34:01.601000,0,3.6,4,3.7,10,REGULAR,REGULAR,NQEX,10247
ONCO,20250717 09:34:01.601000,0,3.6,4,3.7,10,REGULAR,REGULAR,NQEX,10247
ONCO,20250717 09:34:01.602000,0,3.6,4,3.7,10,REGULAR,REGULAR,NQEX,10247
ONCO,20250717 09:34:01.602000,0,3.6,4,3.7,10,REGULAR,REGULAR,NQEX,10247
ONCO,20250717 09:34:01.997000,0,3.55,55,3.61,1,REGULAR,REGULAR,EDGX,10300
ONCO,20250717 09:34:01.997000,0,3.55,55,3.61,1,REGULAR,REGULAR,EDGX,10300
ONCO,20250717 09:34:01.997000,0,3.55,55,3.61,1,REGULAR,REGULAR,EDGX,10300
ONCO,20250717 09:34:01.997000,0,3.55,55,3.61,1,REGULAR,REGULAR,EDGX,10300
ONCO,20250717 09:34:01.997000,0,3.55,55,3.61,1,REGULAR,REGULAR,EDGX,10300
ONCO,20250717 09:34:01.997000,0,3.55,55,3.61,1,REGULAR,REGULAR,EDGX,10300
ONCO,20250717 09:34:01.997000,0,3.55,55,3.61,1,REGULAR,REGULAR,EDGX,10300
ONCO,20250717 09:34:01.997000,0,3.55,55,3.61,1,REGULAR,REGULAR,EDGX,10300
ONCO,20250717 09:34:01.997000,0,3.55,55,3.61,1,REGULAR,REGULAR,EDGX,10300
ONCO,20250717 09:34:01.997000,0,3.55,55,3.61,1,REGULAR,REGULAR,EDGX,10300
ONCO,20250717 09:34:01.997000,0,3.55,55,3.61,1,REGULAR,REGULAR,EDGX,10300
ONCO,20250717 09:34:01.997000,0,3.55,55,3.61,1,REGULAR,REGULAR,EDGX,10300
ONCO,20250717 09:34:01.997000,0,3.55,55,3.61,1,REGULAR,REGULAR,EDGX,10300
ONCO,20250717 09:34:01.997000,0,3.55,55,3.61,1,REGULAR,REGULAR,EDGX,10300
ONCO,20250717 09:34:01.997000,0,3.55,55,3.61,1,REGULAR,REGULAR,EDGX,10300
ONCO,20250717 09:34:01.997000,0,3.55,55,3.61,1,REGULAR,REGULAR,EDGX,10300
ONCO,20250717 09:34:01.998000,0,3.55,55,3.61,1,REGULAR,REGULAR,EDGX,10300
ONCO,20250717 09:34:01.999000,0,3.55,42,3.61,1,REGULAR,REGULAR,EDGX,10300
ONCO,20250717 09:34:01.999000,0,3.55,42,3.61,1,REGULAR,REGULAR,EDGX,10300
ONCO,20250717 09:34:02.475000,0,3.55,42,3.61,1,REGULAR,REGULAR,EDGX,10300
ONCO,20250717 09:34:02.476000,0,3.55,42,3.61,1,REGULAR,REGULAR,EDGX,10300
ONCO,20250717 09:34:02.685000,0,3.55,42,3.61,1,REGULAR,REGULAR,EDGX,10300
ONCO,20250717 09:34:03.111000,0,3.55,42,3.61,1,REGULAR,REGULAR,EDGX,10300
ONCO,20250717 09:34:05.994000,0,3.55,42,3.7,10,REGULAR,REGULAR,EDGX,10247
ONCO,20250717 09:34:15.904000,0,3.55,42,3.7,10,REGULAR,REGULAR,EDGX,10247
ONCO,20250717 09:34:18.660000,0,3.55,42,3.7,10,REGULAR,REGULAR,EDGX,10247
ONCO,20250717 09:34:20.215000,0,3.55,42,3.7,10,REGULAR,REGULAR,EDGX,10247
ONCO,20250717 09:34:23.086000,0,3.55,42,3.7,10,REGULAR,REGULAR,EDGX,10247
ONCO,20250717 09:34:32.150000,0,3.55,42,3.7,10,REGULAR,REGULAR,EDGX,10247
ONCO,20250717 09:34:36.446000,0,3.55,42,3.7,10,REGULAR,REGULAR,EDGX,10247
ONCO,20250717 09:34:42.507000,0,3.55,42,3.7,10,REGULAR,REGULAR,EDGX,10247
ONCO,20250717 09:34:53.953000,0,3.56,10,3.7,10,REGULAR,REGULAR,EDGX,10247
ONCO,20250717 09:34:54.852000,0,3.56,10,3.7,10,REGULAR,REGULAR,EDGX,10247
ONCO,20250717 09:35:01.980000,0,3.56,10,3.7,10,REGULAR,REGULAR,EDGX,10247
ONCO,20250717 09:35:10.433000,0,3.56,10,3.7,10,REGULAR,REGULAR,EDGX,10247
ONCO,20250717 09:35:21.486000,0,3.56,10,3.7,10,REGULAR,REGULAR,EDGX,10247
ONCO,20250717 09:35:22.783000,0,3.56,10,3.7,10,REGULAR,REGULAR,EDGX,10247
ONCO,20250717 09:35:22.783000,0,3.56,10,3.7,10,REGULAR,REGULAR,EDGX,10247
ONCO,20250717 09:35:22.783000,0,3.56,10,3.7,10,REGULAR,REGULAR,EDGX,10247
ONCO,20250717 09:35:22.783000,0,3.56,10,3.7,10,REGULAR,REGULAR,EDGX,10247
ONCO,20250717 09:35:22.783000,0,3.56,10,3.7,10,REGULAR,REGULAR,EDGX,10247
ONCO,20250717 09:35:22.784000,0,3.56,10,3.7,10,REGULAR,REGULAR,EDGX,10247
ONCO,20250717 09:35:22.786000,0,3.56,10,3.7,10,REGULAR,REGULAR,EDGX,10247
ONCO,20250717 09:35:22.786000,0,3.56,10,3.7,10,REGULAR,REGULAR,EDGX,10247
ONCO,20250717 09:35:45.839000,0,3.56,11,3.7,10,REGULAR,REGULAR,EDGX,10247
ONCO,20250717 09:35:52.973000,0,3.56,11,3.7,10,REGULAR,REGULAR,EDGX,10247
ONCO,20250717 09:36:04.232000,0,3.56,11,3.7,10,REGULAR,REGULAR,EDGX,10247
ONCO,20250717 09:36:04.232000,0,3.56,11,3.7,10,REGULAR,REGULAR,EDGX,10247
ONCO,20250717 09:36:04.232000,0,3.56,11,3.7,10,REGULAR,REGULAR,EDGX,10247
ONCO,20250717 09:36:04.232000,0,3.56,11,3.7,10,REGULAR,REGULAR,EDGX,10247
ONCO,20250717 09:36:04.233000,0,3.56,11,3.7,10,REGULAR,REGULAR,EDGX,10247
ONCO,20250717 09:36:04.233000,0,3.56,11,3.7,10,REGULAR,REGULAR,EDGX,10247
ONCO,20250717 09:36:04.234000,0,3.58,1,3.7,6,REGULAR,REGULAR,PACF,10247
ONCO,20250717 09:36:35.123000,0,3.57,3,3.7,11,REGULAR,REGULAR,PACF,10247
ONCO,20250717 09:37:17.491000,0,3.63,3,3.7,11,REGULAR,REGULAR,NQEX,10247
ONCO,20250717 09:37:23.315000,0,3.63,3,3.7,11,REGULAR,REGULAR,NQEX,10247
ONCO,20250717 09:37:24.249000,0,3.56,11,3.7,11,REGULAR,REGULAR,EDGX,10247
ONCO,20250717 09:37:24.385000,0,3.56,11,3.7,11,REGULAR,REGULAR,EDGX,10247
ONCO,20250717 09:37:28.500000,0,3.56,11,3.7,11,REGULAR,REGULAR,EDGX,10247
ONCO,20250717 09:37:28.500000,0,3.56,11,3.7,11,REGULAR,REGULAR,EDGX,10247
ONCO,20250717 09:37:51.872000,0,3.56,11,3.7,11,REGULAR,REGULAR,EDGX,10247
ONCO,20250717 09:37:51.872000,0,3.56,11,3.7,11,REGULAR,REGULAR,EDGX,10247
ONCO,20250717 09:38:33.126000,0,3.56,11,3.7,11,REGULAR,REGULAR,EDGX,10247
ONCO,20250717 09:38:33.567000,0,3.56,11,3.7,11,REGULAR,REGULAR,EDGX,10247
ONCO,20250717 09:38:58.169000,0,3.56,11,3.69,1,REGULAR,REGULAR,EDGX,10241
ONCO,20250717 09:39:02.375000,0,3.56,11,3.69,1,REGULAR,REGULAR,EDGX,10241
ONCO,20250717 09:39:02.828000,0,3.56,11,3.69,1,REGULAR,REGULAR,EDGX,10241
ONCO,20250717 09:39:10.399000,0,3.56,11,3.7,11,REGULAR,REGULAR,EDGX,10247
ONCO,20250717 09:39:19.848000,0,3.56,11,3.7,11,REGULAR,REGULAR,EDGX,10247
ONCO,20250717 09:40:16.302000,0,3.56,11,3.7,11,REGULAR,REGULAR,EDGX,10247
ONCO,20250717 09:40:22.094000,0,3.56,11,3.7,11,REGULAR,REGULAR,EDGX,10247
ONCO,20250717 09:40:28.305000,0,3.57,1,3.7,11,REGULAR,REGULAR,NQEX,10247
ONCO,20250717 09:40:31.454000,0,3.56,11,3.7,11,REGULAR,REGULAR,EDGX,10247
ONCO,20250717 09:40:39.569000,0,3.56,11,3.7,11,REGULAR,REGULAR,EDGX,10247
ONCO,20250717 09:40:48.851000,0,3.56,11,3.7,11,REGULAR,REGULAR,EDGX,10247
ONCO,20250717 09:40:57.467000,0,3.56,11,3.7,11,REGULAR,REGULAR,EDGX,10247
ONCO,20250717 09:41:08.046000,0,3.56,11,3.7,11,REGULAR,REGULAR,EDGX,10247
ONCO,20250717 09:41:17.365000,0,3.56,11,3.7,11,REGULAR,REGULAR,EDGX,10247
ONCO,20250717 09:41:17.738000,0,3.56,11,3.7,11,REGULAR,REGULAR,EDGX,10247
ONCO,20250717 09:41:48.484000,0,3.56,11,3.69,6,REGULAR,REGULAR,EDGX,10241
ONCO,20250717 09:41:48.491000,0,3.56,11,3.69,6,REGULAR,REGULAR,EDGX,10241
ONCO,20250717 09:41:48.491000,0,3.56,11,3.69,6,REGULAR,REGULAR,EDGX,10241
ONCO,20250717 09:41:48.491000,0,3.56,11,3.69,6,REGULAR,REGULAR,EDGX,10241
ONCO,20250717 09:41:56.173000,0,3.56,11,3.69,6,REGULAR,REGULAR,EDGX,10241
ONCO,20250717 09:42:03.507000,0,3.56,11,3.69,6,REGULAR,REGULAR,EDGX,10241
ONCO,20250717 09:42:04.776000,0,3.56,11,3.69,6,REGULAR,REGULAR,EDGX,10241
ONCO,20250717 09:42:10.352000,0,3.56,11,3.69,6,REGULAR,REGULAR,EDGX,10241
ONCO,20250717 09:42:15.570000,0,3.56,11,3.69,6,REGULAR,REGULAR,EDGX,10241
ONCO,20250717 09:42:30.280000,0,3.63,1,3.7,11,REGULAR,REGULAR,NQEX,10247
ONCO,20250717 09:42:30.280000,0,3.63,1,3.7,11,REGULAR,REGULAR,NQEX,10247
ONCO,20250717 09:42:30.281000,0,3.63,1,3.7,11,REGULAR,REGULAR,NQEX,10247
ONCO,20250717 09:42:30.282000,0,3.63,1,3.7,11,REGULAR,REGULAR,NQEX,10247
ONCO,20250717 09:42:44.034000,0,3.56,11,3.7,6,REGULAR,REGULAR,EDGX,10305
ONCO,20250717 09:42:44.034000,0,3.56,11,3.7,6,REGULAR,REGULAR,EDGX,10305
ONCO,20250717 09:42:44.034000,0,3.56,11,3.7,6,REGULAR,REGULAR,EDGX,10305
ONCO,20250717 09:42:44.045000,0,3.56,11,3.7,6,REGULAR,REGULAR,EDGX,10305
ONCO,20250717 09:42:58.663000,0,3.56,11,3.7,6,REGULAR,REGULAR,EDGX,10305
ONCO,20250717 09:43:06.101000,0,3.64,1,3.74,1,REGULAR,REGULAR,NQEX,10247
ONCO,20250717 09:43:06.101000,0,3.64,1,3.74,1,REGULAR,REGULAR,NQEX,10247
ONCO,20250717 09:43:06.101000,0,3.64,1,3.74,1,REGULAR,REGULAR,NQEX,10247
ONCO,20250717 09:43:06.101000,0,3.64,1,3.74,1,REGULAR,REGULAR,NQEX,10247
ONCO,20250717 09:43:06.101000,0,3.64,1,3.74,1,REGULAR,REGULAR,NQEX,10247
ONCO,20250717 09:43:06.101000,0,3.64,1,3.74,1,REGULAR,REGULAR,NQEX,10247
ONCO,20250717 09:43:06.203000,0,3.58,1,3.74,1,REGULAR,REGULAR,NYSE,10305
ONCO,20250717 09:43:14.704000,0,3.7,1,3.74,1,REGULAR,REGULAR,NQEX,10305
ONCO,20250717 09:43:18.846000,0,3.7,1,3.74,1,REGULAR,REGULAR,NQEX,10305
ONCO,20250717 09:43:18.852000,0,3.7,1,3.74,1,REGULAR,REGULAR,NQEX,10305
ONCO,20250717 09:43:36.973000,0,3.7,1,3.74,1,REGULAR,REGULAR,NQEX,10305
ONCO,20250717 09:43:48.039000,0,3.7,1,3.74,1,REGULAR,REGULAR,NQEX,10305
ONCO,20250717 09:44:07.346000,0,3.7,1,3.74,1,REGULAR,REGULAR,NQEX,10305
ONCO,20250717 09:44:28.730000,0,3.7,1,3.74,1,REGULAR,REGULAR,NQEX,10305
ONCO,20250717 09:44:28.731000,0,3.73,1,3.76,2,REGULAR,REGULAR,NQEX,10283
ONCO,20250717 09:44:28.731000,0,3.73,1,3.76,2,REGULAR,REGULAR,NQEX,10283
ONCO,20250717 09:44:28.731000,0,3.73,1,3.76,2,REGULAR,REGULAR,NQEX,10283
ONCO,20250717 09:44:28.731000,0,3.73,1,3.76,2,REGULAR,REGULAR,NQEX,10283
ONCO,20250717 09:44:28.731000,0,3.73,1,3.76,2,REGULAR,REGULAR,NQEX,10283
ONCO,20250717 09:44:28.731000,0,3.73,1,3.76,2,REGULAR,REGULAR,NQEX,10283
ONCO,20250717 09:44:28.732000,0,3.76,1,3.83,1,REGULAR,REGULAR,NQEX,10241
ONCO,20250717 09:44:28.732000,0,3.76,1,3.83,1,REGULAR,REGULAR,NQEX,10241
ONCO,20250717 09:44:28.732000,0,3.76,1,3.83,1,REGULAR,REGULAR,NQEX,10241
ONCO,20250717 09:44:28.732000,0,3.76,1,3.83,1,REGULAR,REGULAR,NQEX,10241
ONCO,20250717 09:44:28.733000,0,3.8,1,3.85,1,REGULAR,REGULAR,NQEX,10241
ONCO,20250717 09:44:28.733000,0,3.8,1,3.85,1,REGULAR,REGULAR,NQEX,10241
ONCO,20250717 09:44:28.733000,0,3.8,1,3.85,1,REGULAR,REGULAR,NQEX,10241
ONCO,20250717 09:44:28.734000,0,3.82,1,3.85,1,REGULAR,REGULAR,NQEX,10247
ONCO,20250717 09:44:28.734000,0,3.82,1,3.85,1,REGULAR,REGULAR,NQEX,10247
ONCO,20250717 09:44:28.734000,0,3.82,1,3.85,1,REGULAR,REGULAR,NQEX,10247
ONCO,20250717 09:44:28.734000,0,3.82,1,3.85,1,REGULAR,REGULAR,NQEX,10247
ONCO,20250717 09:44:28.734000,0,3.82,1,3.85,1,REGULAR,REGULAR,NQEX,10247
ONCO,20250717 09:44:28.734000,0,3.82,1,3.85,1,REGULAR,REGULAR,NQEX,10247
ONCO,20250717 09:44:28.734000,0,3.82,1,3.85,1,REGULAR,REGULAR,NQEX,10247
ONCO,20250717 09:44:28.734000,0,3.82,1,3.85,1,REGULAR,REGULAR,NQEX,10247
ONCO,20250717 09:44:28.734000,0,3.82,1,3.85,1,REGULAR,REGULAR,NQEX,10247
ONCO,20250717 09:44:28.735000,0,3.85,13,3.86,4,REGULAR,REGULAR,MEMX,10247
ONCO,20250717 09:44:28.735000,0,3.85,13,3.86,4,REGULAR,REGULAR,MEMX,10247
ONCO,20250717 09:44:28.735000,0,3.85,13,3.86,4,REGULAR,REGULAR,MEMX,10247
ONCO,20250717 09:44:28.735000,0,3.85,13,3.86,4,REGULAR,REGULAR,MEMX,10247
ONCO,20250717 09:44:28.735000,0,3.85,13,3.86,4,REGULAR,REGULAR,MEMX,10247
ONCO,20250717 09:44:28.736000,0,3.82,1,3.86,4,REGULAR,REGULAR,NQEX,10247
ONCO,20250717 09:44:28.736000,0,3.82,1,3.86,4,REGULAR,REGULAR,NQEX,10247
ONCO,20250717 09:44:28.736000,0,3.82,1,3.86,4,REGULAR,REGULAR,NQEX,10247
ONCO,20250717 09:44:31.951000,0,3.71,1,3.86,4,REGULAR,REGULAR,NQEX,10247
ONCO,20250717 09:44:48.685000,0,3.7,1,3.86,4,REGULAR,REGULAR,NQEX,10247
ONCO,20250717 09:44:48.685000,0,3.7,1,3.86,4,REGULAR,REGULAR,NQEX,10247
ONCO,20250717 09:44:48.685000,0,3.7,1,3.86,4,REGULAR,REGULAR,NQEX,10247
ONCO,20250717 09:44:48.685000,0,3.7,1,3.86,4,REGULAR,REGULAR,NQEX,10247
ONCO,20250717 09:44:48.686000,0,3.7,1,3.86,4,REGULAR,REGULAR,NQEX,10247
ONCO,20250717 09:44:50.564000,0,3.7,1,3.75,1,REGULAR,REGULAR,NQEX,10241
ONCO,20250717 09:44:50.564000,0,3.7,1,3.75,1,REGULAR,REGULAR,NQEX,10241
ONCO,20250717 09:44:50.564000,0,3.7,1,3.75,1,REGULAR,REGULAR,NQEX,10241
ONCO,20250717 09:44:50.565000,0,3.7,1,3.75,1,REGULAR,REGULAR,NQEX,10241
ONCO,20250717 09:44:52.269000,0,3.7,1,3.8,1,REGULAR,REGULAR,NQEX,10241
ONCO,20250717 09:44:52.269000,0,3.7,1,3.8,1,REGULAR,REGULAR,NQEX,10241
ONCO,20250717 09:44:52.270000,0,3.66,1,3.74,1,REGULAR,REGULAR,PACF,10241
ONCO,20250717 09:44:52.995000,0,3.63,1,3.75,1,REGULAR,REGULAR,NQEX,10241
ONCO,20250717 09:44:52.995000,0,3.63,1,3.75,1,REGULAR,REGULAR,NQEX,10241
ONCO,20250717 09:44:52.995000,0,3.63,1,3.75,1,REGULAR,REGULAR,NQEX,10241
ONCO,20250717 09:44:52.995000,0,3.63,1,3.75,1,REGULAR,REGULAR,NQEX,10241
ONCO,20250717 09:44:52.995000,0,3.63,1,3.75,1,REGULAR,REGULAR,NQEX,10241
ONCO,20250717 09:44:52.995000,0,3.63,1,3.75,1,REGULAR,REGULAR,NQEX,10241
ONCO,20250717 09:44:52.995000,0,3.63,1,3.75,1,REGULAR,REGULAR,NQEX,10241
ONCO,20250717 09:44:52.995000,0,3.63,1,3.75,1,REGULAR,REGULAR,NQEX,10241
ONCO,20250717 09:44:52.995000,0,3.63,1,3.75,1,REGULAR,REGULAR,NQEX,10241
ONCO,20250717 09:44:52.995000,0,3.63,1,3.75,1,REGULAR,REGULAR,NQEX,10241
ONCO,20250717 09:44:52.995000,0,3.63,1,3.75,1,REGULAR,REGULAR,NQEX,10241
ONCO,20250717 09:44:52.996000,0,3.63,1,3.75,1,REGULAR,REGULAR,NQEX,10241
ONCO,20250717 09:44:52.997000,0,3.63,1,3.75,1,REGULAR,REGULAR,NQEX,10241
ONCO,20250717 09:44:52.998000,0,3.56,11,3.68,1,REGULAR,REGULAR,EDGX,10241
ONCO,20250717 09:44:53.109000,0,3.56,11,3.72,1,REGULAR,REGULAR,EDGX,10241
ONCO,20250717 09:44:53.514000,0,3.56,11,3.72,1,REGULAR,REGULAR,EDGX,10241
ONCO,20250717 09:44:54.192000,0,3.56,11,3.72,1,REGULAR,REGULAR,EDGX,10241
ONCO,20250717 09:44:54.202000,0,3.56,11,3.72,1,REGULAR,REGULAR,EDGX,10241
ONCO,20250717 09:44:54.203000,0,3.56,11,3.72,1,REGULAR,REGULAR,EDGX,10241
ONCO,20250717 09:44:54.215000,0,3.56,11,3.72,1,REGULAR,REGULAR,EDGX,10241
ONCO,20250717 09:44:54.215000,0,3.56,11,3.72,1,REGULAR,REGULAR,EDGX,10241
ONCO,20250717 09:44:54.215000,0,3.56,11,3.72,1,REGULAR,REGULAR,EDGX,10241
ONCO,20250717 09:44:54.215000,0,3.56,11,3.72,1,REGULAR,REGULAR,EDGX,10241
ONCO,20250717 09:44:54.215000,0,3.56,11,3.72,1,REGULAR,REGULAR,EDGX,10241
ONCO,20250717 09:44:54.216000,0,3.56,11,3.72,1,REGULAR,REGULAR,EDGX,10241
ONCO,20250717 09:44:54.216000,0,3.56,11,3.72,1,REGULAR,REGULAR,EDGX,10241
ONCO,20250717 09:44:54.217000,0,3.56,11,3.72,1,REGULAR,REGULAR,EDGX,10241
ONCO,20250717 09:44:54.217000,0,3.56,11,3.72,1,REGULAR,REGULAR,EDGX,10241
ONCO,20250717 09:44:54.217000,0,3.56,11,3.72,1,REGULAR,REGULAR,EDGX,10241
ONCO,20250717 09:44:54.217000,0,3.56,11,3.72,1,REGULAR,REGULAR,EDGX,10241
ONCO,20250717 09:44:54.217000,0,3.56,11,3.72,1,REGULAR,REGULAR,EDGX,10241
ONCO,20250717 09:44:54.217000,0,3.56,11,3.72,1,REGULAR,REGULAR,EDGX,10241
ONCO,20250717 09:44:54.217000,0,3.56,11,3.72,1,REGULAR,REGULAR,EDGX,10241
ONCO,20250717 09:44:54.217000,0,3.56,11,3.72,1,REGULAR,REGULAR,EDGX,10241
ONCO,20250717 09:44:54.217000,0,3.56,11,3.72,1,REGULAR,REGULAR,EDGX,10241
ONCO,20250717 09:44:54.217000,0,3.56,11,3.72,1,REGULAR,REGULAR,EDGX,10241
ONCO,20250717 09:44:54.217000,0,3.56,11,3.72,1,REGULAR,REGULAR,EDGX,10241
ONCO,20250717 09:44:54.218000,0,3.55,47,3.62,1,REGULAR,REGULAR,EDGX,10241
ONCO,20250717 09:44:54.218000,0,3.55,47,3.62,1,REGULAR,REGULAR,EDGX,10241
ONCO,20250717 09:44:54.218000,0,3.55,47,3.62,1,REGULAR,REGULAR,EDGX,10241
ONCO,20250717 09:44:54.218000,0,3.55,47,3.62,1,REGULAR,REGULAR,EDGX,10241
ONCO,20250717 09:44:54.218000,0,3.55,47,3.62,1,REGULAR,REGULAR,EDGX,10241
ONCO,20250717 09:44:54.218000,0,3.55,47,3.62,1,REGULAR,REGULAR,EDGX,10241
ONCO,20250717 09:44:54.218000,0,3.55,47,3.62,1,REGULAR,REGULAR,EDGX,10241
ONCO,20250717 09:44:54.231000,0,3.55,47,3.7,1,REGULAR,REGULAR,EDGX,10247
ONCO,20250717 09:44:54.231000,0,3.55,47,3.7,1,REGULAR,REGULAR,EDGX,10247
ONCO,20250717 09:44:54.231000,0,3.55,47,3.7,1,REGULAR,REGULAR,EDGX,10247
ONCO,20250717 09:44:54.231000,0,3.55,47,3.7,1,REGULAR,REGULAR,EDGX,10247
ONCO,20250717 09:44:54.231000,0,3.55,47,3.7,1,REGULAR,REGULAR,EDGX,10247
ONCO,20250717 09:44:54.231000,0,3.55,47,3.7,1,REGULAR,REGULAR,EDGX,10247
ONCO,20250717 09:44:54.231000,0,3.55,47,3.7,1,REGULAR,REGULAR,EDGX,10247
ONCO,20250717 09:44:54.231000,0,3.55,47,3.7,1,REGULAR,REGULAR,EDGX,10247
ONCO,20250717 09:44:54.231000,0,3.55,47,3.7,1,REGULAR,REGULAR,EDGX,10247
ONCO,20250717 09:44:54.234000,0,3.55,47,3.7,1,REGULAR,REGULAR,EDGX,10247
ONCO,20250717 09:44:54.234000,0,3.55,47,3.7,1,REGULAR,REGULAR,EDGX,10247
ONCO,20250717 09:44:54.234000,0,3.55,47,3.7,1,REGULAR,REGULAR,EDGX,10247
ONCO,20250717 09:44:54.235000,0,3.55,47,3.7,1,REGULAR,REGULAR,EDGX,10247
ONCO,20250717 09:44:54.235000,0,3.55,47,3.7,1,REGULAR,REGULAR,EDGX,10247
ONCO,20250717 09:44:56.525000,0,3.55,47,3.74,1,REGULAR,REGULAR,EDGX,10241
ONCO,20250717 09:44:57.653000,0,3.55,47,3.73,1,REGULAR,REGULAR,EDGX,10304
ONCO,20250717 09:44:57.653000,0,3.55,47,3.73,1,REGULAR,REGULAR,EDGX,10304
ONCO,20250717 09:44:57.653000,0,3.55,47,3.73,1,REGULAR,REGULAR,EDGX,10304
ONCO,20250717 09:44:58.337000,0,3.55,47,3.86,4,REGULAR,REGULAR,EDGX,10247
ONCO,20250717 09:44:58.338000,0,3.55,47,3.86,4,REGULAR,REGULAR,EDGX,10247
ONCO,20250717 09:44:58.338000,0,3.55,47,3.86,4,REGULAR,REGULAR,EDGX,10247
ONCO,20250717 09:44:58.338000,0,3.55,47,3.86,4,REGULAR,REGULAR,EDGX,10247
ONCO,20250717 09:44:58.340000,0,3.55,47,3.86,4,REGULAR,REGULAR,EDGX,10247
ONCO,20250717 09:44:58.347000,0,3.55,47,3.86,4,REGULAR,REGULAR,EDGX,10247
ONCO,20250717 09:45:01.262000,0,3.55,47,3.86,4,REGULAR,REGULAR,EDGX,10247
ONCO,20250717 09:45:01.266000,0,3.55,47,3.86,4,REGULAR,REGULAR,EDGX,10247
ONCO,20250717 09:45:10.626000,0,3.55,47,3.86,4,REGULAR,REGULAR,EDGX,10247
ONCO,20250717 09:45:18.420000,0,3.55,47,3.86,4,REGULAR,REGULAR,EDGX,10247
ONCO,20250717 09:45:25.190000,0,3.56,3,3.86,4,REGULAR,REGULAR,PACF,10247
ONCO,20250717 09:46:00.332000,0,3.56,26,3.82,2,REGULAR,REGULAR,PACF,10247
ONCO,20250717 09:46:13.018000,0,3.6,8,3.82,2,REGULAR,REGULAR,EDGX,10247
ONCO,20250717 09:46:13.169000,0,3.6,8,3.82,2,REGULAR,REGULAR,EDGX,10247
ONCO,20250717 09:46:43.325000,0,3.62,3,3.82,2,REGULAR,REGULAR,BATS,10247
ONCO,20250717 09:46:49.237000,0,3.6,8,3.82,2,REGULAR,REGULAR,EDGX,10247
ONCO,20250717 09:47:16.049000,0,3.6,8,3.8,5,REGULAR,REGULAR,EDGX,10305
ONCO,20250717 09:47:16.051000,0,3.6,8,3.8,5,REGULAR,REGULAR,EDGX,10305
ONCO,20250717 09:47:46.012000,0,3.6,8,3.8,5,REGULAR,REGULAR,EDGX,10305
ONCO,20250717 09:47:46.376000,0,3.6,8,3.8,5,REGULAR,REGULAR,EDGX,10305
ONCO,20250717 09:47:46.382000,0,3.56,10,3.68,1,REGULAR,REGULAR,EDGX,10241
ONCO,20250717 09:47:46.383000,0,3.56,10,3.68,1,REGULAR,REGULAR,EDGX,10241
ONCO,20250717 09:47:46.387000,0,3.55,48,3.62,1,REGULAR,REGULAR,EDGX,10241
ONCO,20250717 09:47:46.387000,0,3.55,48,3.62,1,REGULAR,REGULAR,EDGX,10241
ONCO,20250717 09:47:46.387000,0,3.55,48,3.62,1,REGULAR,REGULAR,EDGX,10241
ONCO,20250717 09:47:46.391000,0,3.55,29,3.62,1,REGULAR,REGULAR,EDGX,10241
ONCO,20250717 09:47:46.391000,0,3.55,29,3.62,1,REGULAR,REGULAR,EDGX,10241
ONCO,20250717 09:47:46.391000,0,3.55,29,3.62,1,REGULAR,REGULAR,EDGX,10241
ONCO,20250717 09:47:46.391000,0,3.55,29,3.62,1,REGULAR,REGULAR,EDGX,10241
ONCO,20250717 09:47:46.391000,0,3.55,29,3.62,1,REGULAR,REGULAR,EDGX,10241
ONCO,20250717 09:47:46.391000,0,3.55,29,3.62,1,REGULAR,REGULAR,EDGX,10241
ONCO,20250717 09:47:46.391000,0,3.55,29,3.62,1,REGULAR,REGULAR,EDGX,10241
ONCO,20250717 09:47:46.391000,0,3.55,29,3.62,1,REGULAR,REGULAR,EDGX,10241
ONCO,20250717 09:47:46.402000,0,3.55,29,3.72,1,REGULAR,REGULAR,EDGX,10241
ONCO,20250717 09:48:05.094000,0,3.55,29,3.72,1,REGULAR,REGULAR,EDGX,10241
ONCO,20250717 09:48:14.434000,0,3.55,34,3.72,1,REGULAR,REGULAR,PACF,10241
ONCO,20250717 09:48:15.527000,0,3.55,34,3.72,1,REGULAR,REGULAR,PACF,10241
ONCO,20250717 09:48:24.296000,0,3.57,22,3.72,1,REGULAR,REGULAR,PACF,10241
ONCO,20250717 09:48:26.580000,0,3.57,22,3.72,1,REGULAR,REGULAR,PACF,10241
ONCO,20250717 09:48:44.004000,0,3.64,15,3.76,1,REGULAR,REGULAR,MEMX,10241
ONCO,20250717 09:48:49.430000,0,3.64,15,3.76,1,REGULAR,REGULAR,MEMX,10241
ONCO,20250717 09:49:33.506000,0,3.7,1,3.75,8,REGULAR,REGULAR,PACF,10305
ONCO,20250717 09:49:33.506000,0,3.7,1,3.75,8,REGULAR,REGULAR,PACF,10305
ONCO,20250717 09:49:33.506000,0,3.7,1,3.75,8,REGULAR,REGULAR,PACF,10305
ONCO,20250717 09:49:33.506000,0,3.7,1,3.75,8,REGULAR,REGULAR,PACF,10305
ONCO,20250717 09:49:33.506000,0,3.7,1,3.75,8,REGULAR,REGULAR,PACF,10305
ONCO,20250717 09:49:33.506000,0,3.7,1,3.75,8,REGULAR,REGULAR,PACF,10305
ONCO,20250717 09:49:33.507000,0,3.7,1,3.75,8,REGULAR,REGULAR,PACF,10305
ONCO,20250717 09:49:33.507000,0,3.7,1,3.75,8,REGULAR,REGULAR,PACF,10305
ONCO,20250717 09:49:33.508000,0,3.7,1,3.75,8,REGULAR,REGULAR,PACF,10305
ONCO,20250717 09:49:33.514000,0,3.7,1,3.75,8,REGULAR,REGULAR,PACF,10305
ONCO,20250717 09:49:33.515000,0,3.7,1,3.75,8,REGULAR,REGULAR,PACF,10305
ONCO,20250717 09:49:50.595000,0,3.64,15,3.75,8,REGULAR,REGULAR,MEMX,10305
ONCO,20250717 09:49:50.595000,0,3.64,15,3.75,8,REGULAR,REGULAR,MEMX,10305
ONCO,20250717 09:49:56.377000,0,3.57,23,3.75,8,REGULAR,REGULAR,PACF,10305
ONCO,20250717 09:50:20.709000,0,3.7,14,3.75,13,REGULAR,REGULAR,EDGX,10305
ONCO,20250717 09:50:23.909000,0,3.7,5,3.75,13,REGULAR,REGULAR,EDGX,10305
ONCO,20250717 09:50:23.909000,0,3.7,5,3.75,13,REGULAR,REGULAR,EDGX,10305
ONCO,20250717 09:50:23.909000,0,3.7,5,3.75,13,REGULAR,REGULAR,EDGX,10305
ONCO,20250717 09:50:23.910000,0,3.62,1,3.75,13,REGULAR,REGULAR,MEMX,10305
ONCO,20250717 09:50:23.910000,0,3.62,1,3.75,13,REGULAR,REGULAR,MEMX,10305
ONCO,20250717 09:50:23.911000,0,3.62,1,3.75,13,REGULAR,REGULAR,MEMX,10305
ONCO,20250717 09:50:23.932000,0,3.62,1,3.75,13,REGULAR,REGULAR,MEMX,10305
ONCO,20250717 09:50:28.595000,0,3.62,1,3.75,13,REGULAR,REGULAR,MEMX,10305
ONCO,20250717 09:50:45.766000,0,3.62,1,3.75,13,REGULAR,REGULAR,MEMX,10305
ONCO,20250717 09:50:55.105000,0,3.65,15,3.75,13,REGULAR,REGULAR,NQEX,10305
ONCO,20250717 09:51:02.697000,0,3.65,15,3.75,13,REGULAR,REGULAR,NQEX,10305
ONCO,20250717 09:51:08.422000,0,3.65,15,3.75,13,REGULAR,REGULAR,NQEX,10305
ONCO,20250717 09:52:08.169000,0,3.65,15,3.74,2,REGULAR,REGULAR,NQEX,10241
ONCO,20250717 09:52:32.094000,0,3.65,15,3.72,1,REGULAR,REGULAR,NQEX,10305
ONCO,20250717 09:52:50.871000,0,3.65,6,3.73,1,REGULAR,REGULAR,NQEX,10283
ONCO,20250717 09:52:50.871000,0,3.65,6,3.73,1,REGULAR,REGULAR,NQEX,10283
ONCO,20250717 09:52:50.872000,0,3.65,6,3.72,2,REGULAR,REGULAR,NQEX,10241
ONCO,20250717 09:53:20.087000,0,3.65,3,3.73,1,REGULAR,REGULAR,NQEX,10283
ONCO,20250717 09:53:20.822000,0,3.65,3,3.73,1,REGULAR,REGULAR,NQEX,10283
ONCO,20250717 09:53:30.675000,0,3.62,1,3.69,1,REGULAR,REGULAR,MEMX,10241
ONCO,20250717 09:53:30.697000,0,3.62,1,3.65,6,REGULAR,REGULAR,MEMX,10247
ONCO,20250717 09:53:32.310000,0,3.62,1,3.65,6,REGULAR,REGULAR,MEMX,10247
ONCO,20250717 09:53:50.261000,0,3.62,1,3.65,6,REGULAR,REGULAR,MEMX,10247
ONCO,20250717 09:53:58.949000,0,3.62,1,3.65,6,REGULAR,REGULAR,MEMX,10247
ONCO,20250717 09:54:47.573000,0,3.62,1,3.65,6,REGULAR,REGULAR,MEMX,10247
ONCO,20250717 09:55:04.266000,0,3.6,1,3.65,6,REGULAR,REGULAR,NQEX,10247
ONCO,20250717 09:55:04.266000,0,3.6,1,3.65,6,REGULAR,REGULAR,NQEX,10247
ONCO,20250717 09:55:04.272000,0,3.6,1,3.65,6,REGULAR,REGULAR,NQEX,10247
ONCO,20250717 09:55:42.632000,0,3.61,1,3.65,6,REGULAR,REGULAR,EDGX,10247
ONCO,20250717 09:55:55.228000,0,3.61,1,3.65,6,REGULAR,REGULAR,EDGX,10247
ONCO,20250717 09:56:12.226000,0,3.61,1,3.65,6,REGULAR,REGULAR,EDGX,10247
ONCO,20250717 09:56:25.728000,0,3.61,1,3.65,6,REGULAR,REGULAR,EDGX,10247
ONCO,20250717 09:56:31.574000,0,3.61,1,3.65,6,REGULAR,REGULAR,EDGX,10247
ONCO,20250717 09:56:33.287000,0,3.61,1,3.65,6,REGULAR,REGULAR,EDGX,10247
ONCO,20250717 09:56:50.611000,0,3.61,1,3.65,6,REGULAR,REGULAR,EDGX,10247
ONCO,20250717 09:56:58.091000,0,3.61,1,3.65,6,REGULAR,REGULAR,EDGX,10247
ONCO,20250717 09:57:07.943000,0,3.6,1,3.65,1,REGULAR,REGULAR,NQEX,10241
ONCO,20250717 09:57:07.943000,0,3.6,1,3.65,1,REGULAR,REGULAR,NQEX,10241
ONCO,20250717 09:57:07.947000,0,3.57,1,3.62,1,REGULAR,REGULAR,BATS,10241
ONCO,20250717 09:57:07.947000,0,3.57,1,3.62,1,REGULAR,REGULAR,BATS,10241
ONCO,20250717 09:57:07.947000,0,3.57,1,3.62,1,REGULAR,REGULAR,BATS,10241
ONCO,20250717 09:57:07.947000,0,3.57,1,3.62,1,REGULAR,REGULAR,BATS,10241
ONCO,20250717 09:57:07.947000,0,3.57,1,3.62,1,REGULAR,REGULAR,BATS,10241
ONCO,20250717 09:57:07.948000,0,3.56,3,3.62,1,REGULAR,REGULAR,PACF,10241
ONCO,20250717 09:57:07.948000,0,3.56,3,3.62,1,REGULAR,REGULAR,PACF,10241
ONCO,20250717 09:57:07.952000,0,3.56,3,3.62,1,REGULAR,REGULAR,PACF,10241
ONCO,20250717 09:57:07.952000,0,3.56,3,3.62,1,REGULAR,REGULAR,PACF,10241
ONCO,20250717 09:57:07.955000,0,3.56,3,3.59,1,REGULAR,REGULAR,PACF,10241
ONCO,20250717 09:57:07.955000,0,3.56,3,3.59,1,REGULAR,REGULAR,PACF,10241
ONCO,20250717 09:57:07.956000,0,3.59,1,3.62,1,REGULAR,REGULAR,NQEX,10247
ONCO,20250717 09:57:07.956000,0,3.59,1,3.62,1,REGULAR,REGULAR,NQEX,10247
ONCO,20250717 09:57:07.956000,0,3.59,1,3.62,1,REGULAR,REGULAR,NQEX,10247
ONCO,20250717 09:57:07.956000,0,3.59,1,3.62,1,REGULAR,REGULAR,NQEX,10247
ONCO,20250717 09:57:07.956000,0,3.59,1,3.62,1,REGULAR,REGULAR,NQEX,10247
ONCO,20250717 09:57:07.956000,0,3.59,1,3.62,1,REGULAR,REGULAR,NQEX,10247
ONCO,20250717 09:57:07.956000,0,3.59,1,3.62,1,REGULAR,REGULAR,NQEX,10247
ONCO,20250717 09:57:07.956000,0,3.59,1,3.62,1,REGULAR,REGULAR,NQEX,10247
ONCO,20250717 09:57:07.956000,0,3.59,1,3.62,1,REGULAR,REGULAR,NQEX,10247
ONCO,20250717 09:57:07.956000,0,3.59,1,3.62,1,REGULAR,REGULAR,NQEX,10247
ONCO,20250717 09:57:07.956000,0,3.59,1,3.62,1,REGULAR,REGULAR,NQEX,10247
ONCO,20250717 09:57:07.956000,0,3.59,1,3.62,1,REGULAR,REGULAR,NQEX,10247
ONCO,20250717 09:57:07.956000,0,3.59,1,3.62,1,REGULAR,REGULAR,NQEX,10247
ONCO,20250717 09:57:07.956000,0,3.59,1,3.62,1,REGULAR,REGULAR,NQEX,10247
ONCO,20250717 09:57:07.956000,0,3.59,1,3.62,1,REGULAR,REGULAR,NQEX,10247
ONCO,20250717 09:57:07.956000,0,3.59,1,3.62,1,REGULAR,REGULAR,NQEX,10247
ONCO,20250717 09:57:07.956000,0,3.59,1,3.62,1,REGULAR,REGULAR,NQEX,10247
ONCO,20250717 09:57:07.956000,0,3.59,1,3.62,1,REGULAR,REGULAR,NQEX,10247
ONCO,20250717 09:57:07.957000,0,3.59,4,3.65,1,REGULAR,REGULAR,EDGX,10247
ONCO,20250717 09:57:07.957000,0,3.59,4,3.65,1,REGULAR,REGULAR,EDGX,10247
ONCO,20250717 09:57:07.957000,0,3.59,4,3.65,1,REGULAR,REGULAR,EDGX,10247
ONCO,20250717 09:57:07.957000,0,3.59,4,3.65,1,REGULAR,REGULAR,EDGX,10247
ONCO,20250717 09:57:07.957000,0,3.59,4,3.65,1,REGULAR,REGULAR,EDGX,10247
ONCO,20250717 09:57:07.964000,0,3.59,3,3.69,1,REGULAR,REGULAR,EDGX,10247
ONCO,20250717 09:57:22.368000,0,3.59,3,3.7,5,REGULAR,REGULAR,EDGX,10305
ONCO,20250717 09:57:28.919000,0,3.59,3,3.7,5,REGULAR,REGULAR,EDGX,10305
ONCO,20250717 09:58:32.644000,0,3.59,3,3.7,5,REGULAR,REGULAR,EDGX,10305
ONCO,20250717 09:58:40.168000,0,3.59,3,3.7,5,REGULAR,REGULAR,EDGX,10305
ONCO,20250717 09:59:05.286000,0,3.59,3,3.7,5,REGULAR,REGULAR,EDGX,10305
ONCO,20250717 09:59:07.974000,0,3.59,3,3.7,5,REGULAR,REGULAR,EDGX,10305
ONCO,20250717 09:59:37.510000,0,3.59,4,3.7,5,REGULAR,REGULAR,EDGX,10305
ONCO,20250717 09:59:37.518000,0,3.59,4,3.7,5,REGULAR,REGULAR,EDGX,10305
ONCO,20250717 09:59:37.519000,0,3.59,4,3.7,5,REGULAR,REGULAR,EDGX,10305
ONCO,20250717 10:00:20.681000,0,3.59,13,3.69,10,REGULAR,REGULAR,PACF,10305
ONCO,20250717 10:00:29.066000,0,3.59,11,3.69,10,REGULAR,REGULAR,PACF,10305
ONCO,20250717 10:00:29.066000,0,3.59,11,3.69,10,REGULAR,REGULAR,PACF,10305
ONCO,20250717 10:00:29.066000,0,3.59,11,3.69,10,REGULAR,REGULAR,PACF,10305
ONCO,20250717 10:00:29.066000,0,3.59,11,3.69,10,REGULAR,REGULAR,PACF,10305
ONCO,20250717 10:00:29.066000,0,3.59,11,3.69,10,REGULAR,REGULAR,PACF,10305
ONCO,20250717 10:00:29.066000,0,3.59,11,3.69,10,REGULAR,REGULAR,PACF,10305
ONCO,20250717 10:00:29.066000,0,3.59,11,3.69,10,REGULAR,REGULAR,PACF,10305
ONCO,20250717 10:00:29.066000,0,3.59,11,3.69,10,REGULAR,REGULAR,PACF,10305
ONCO,20250717 10:00:43.553000,0,3.59,11,3.69,10,REGULAR,REGULAR,PACF,10305
ONCO,20250717 10:01:13.813000,0,3.6,11,3.69,10,REGULAR,REGULAR,PACF,10305
ONCO,20250717 10:01:31.615000,0,3.6,10,3.67,1,REGULAR,REGULAR,PACF,10241
ONCO,20250717 10:01:40.326000,0,3.6,10,3.7,10,REGULAR,REGULAR,PACF,10305
ONCO,20250717 10:01:40.326000,0,3.6,10,3.7,10,REGULAR,REGULAR,PACF,10305
ONCO,20250717 10:03:39.052000,0,3.6,10,3.7,10,REGULAR,REGULAR,PACF,10305
ONCO,20250717 10:03:44.445000,0,3.6,10,3.69,4,REGULAR,REGULAR,PACF,10247
ONCO,20250717 10:04:09.841000,0,3.6,10,3.69,4,REGULAR,REGULAR,PACF,10247
ONCO,20250717 10:04:10.686000,0,3.6,10,3.69,4,REGULAR,REGULAR,PACF,10247
ONCO,20250717 10:04:44.516000,0,3.6,10,3.69,4,REGULAR,REGULAR,PACF,10247
ONCO,20250717 10:04:46.072000,0,3.6,10,3.69,4,REGULAR,REGULAR,PACF,10247
ONCO,20250717 10:04:57.037000,0,3.6,10,3.69,4,REGULAR,REGULAR,PACF,10247
ONCO,20250717 10:05:13.498000,0,3.6,10,3.69,4,REGULAR,REGULAR,PACF,10247
ONCO,20250717 10:05:27.934000,0,3.6,10,3.69,4,REGULAR,REGULAR,PACF,10247
ONCO,20250717 10:05:27.934000,0,3.6,10,3.69,4,REGULAR,REGULAR,PACF,10247
ONCO,20250717 10:05:39.609000,0,3.6,10,3.69,4,REGULAR,REGULAR,PACF,10247
ONCO,20250717 10:05:53.465000,0,3.6,10,3.69,4,REGULAR,REGULAR,PACF,10247
ONCO,20250717 10:06:07.574000,0,3.6,10,3.69,1,REGULAR,REGULAR,PACF,10241
ONCO,20250717 10:06:22.919000,0,3.6,10,3.69,1,REGULAR,REGULAR,PACF,10241
ONCO,20250717 10:06:43.489000,0,3.6,10,3.69,6,REGULAR,REGULAR,PACF,10305
ONCO,20250717 10:06:53.974000,0,3.6,10,3.69,6,REGULAR,REGULAR,PACF,10305
ONCO,20250717 10:07:07.685000,0,3.6,10,3.69,6,REGULAR,REGULAR,PACF,10305
ONCO,20250717 10:07:43.208000,0,3.6,10,3.69,6,REGULAR,REGULAR,PACF,10305
ONCO,20250717 10:07:43.881000,0,3.61,4,3.69,6,REGULAR,REGULAR,EDGX,10305
ONCO,20250717 10:07:47.547000,0,3.61,4,3.69,6,REGULAR,REGULAR,EDGX,10305
ONCO,20250717 10:07:54.588000,0,3.61,4,3.69,6,REGULAR,REGULAR,EDGX,10305
ONCO,20250717 10:08:18.613000,0,3.61,4,3.69,6,REGULAR,REGULAR,EDGX,10305
ONCO,20250717 10:08:58.942000,0,3.61,4,3.69,6,REGULAR,REGULAR,EDGX,10305
ONCO,20250717 10:09:12.948000,0,3.61,4,3.68,5,REGULAR,REGULAR,EDGX,10305
ONCO,20250717 10:09:28.434000,0,3.61,4,3.68,5,REGULAR,REGULAR,EDGX,10305
ONCO,20250717 10:09:43.704000,0,3.61,4,3.68,5,REGULAR,REGULAR,EDGX,10305
ONCO,20250717 10:10:28.762000,0,3.61,4,3.68,5,REGULAR,REGULAR,EDGX,10305
ONCO,20250717 10:10:29.431000,0,3.61,4,3.68,5,REGULAR,REGULAR,EDGX,10305
ONCO,20250717 10:11:12.950000,0,3.61,4,3.68,5,REGULAR,REGULAR,EDGX,10305
ONCO,20250717 10:12:11.610000,0,3.61,3,3.67,1,REGULAR,REGULAR,EDGX,10241
ONCO,20250717 10:12:16.929000,0,3.61,3,3.67,1,REGULAR,REGULAR,EDGX,10241
ONCO,20250717 10:12:16.931000,0,3.61,3,3.67,1,REGULAR,REGULAR,EDGX,10241
ONCO,20250717 10:12:16.931000,0,3.61,3,3.67,1,REGULAR,REGULAR,EDGX,10241
ONCO,20250717 10:13:12.332000,0,3.61,3,3.67,1,REGULAR,REGULAR,EDGX,10241
ONCO,20250717 10:13:23.858000,0,3.62,39,3.67,1,REGULAR,REGULAR,EDGX,10241
ONCO,20250717 10:13:34.171000,0,3.62,39,3.67,1,REGULAR,REGULAR,EDGX,10241
ONCO,20250717 10:14:34.633000,0,3.6,11,3.66,2,REGULAR,REGULAR,PACF,10305
ONCO,20250717 10:14:34.633000,0,3.6,11,3.66,2,REGULAR,REGULAR,PACF,10305
ONCO,20250717 10:14:34.633000,0,3.6,11,3.66,2,REGULAR,REGULAR,PACF,10305
ONCO,20250717 10:14:34.633000,0,3.6,11,3.66,2,REGULAR,REGULAR,PACF,10305
ONCO,20250717 10:14:34.633000,0,3.6,11,3.66,2,REGULAR,REGULAR,PACF,10305
ONCO,20250717 10:14:34.633000,0,3.6,11,3.66,2,REGULAR,REGULAR,PACF,10305
ONCO,20250717 10:14:34.633000,0,3.6,11,3.66,2,REGULAR,REGULAR,PACF,10305
ONCO,20250717 10:14:34.633000,0,3.6,11,3.66,2,REGULAR,REGULAR,PACF,10305
ONCO,20250717 10:14:34.633000,0,3.6,11,3.66,2,REGULAR,REGULAR,PACF,10305
ONCO,20250717 10:14:34.633000,0,3.6,11,3.66,2,REGULAR,REGULAR,PACF,10305
ONCO,20250717 10:14:34.633000,0,3.6,11,3.66,2,REGULAR,REGULAR,PACF,10305
ONCO,20250717 10:14:34.633000,0,3.6,11,3.66,2,REGULAR,REGULAR,PACF,10305
ONCO,20250717 10:14:34.633000,0,3.6,11,3.66,2,REGULAR,REGULAR,PACF,10305
ONCO,20250717 10:14:34.633000,0,3.6,11,3.66,2,REGULAR,REGULAR,PACF,10305
ONCO,20250717 10:14:34.633000,0,3.6,11,3.66,2,REGULAR,REGULAR,PACF,10305
ONCO,20250717 10:14:34.633000,0,3.6,11,3.66,2,REGULAR,REGULAR,PACF,10305
ONCO,20250717 10:14:34.633000,0,3.6,11,3.66,2,REGULAR,REGULAR,PACF,10305
ONCO,20250717 10:14:34.634000,0,3.6,11,3.66,3,REGULAR,REGULAR,PACF,10305
ONCO,20250717 10:14:53.705000,0,3.6,10,3.62,1,REGULAR,REGULAR,PACF,10241
ONCO,20250717 10:14:53.705000,0,3.6,10,3.62,1,REGULAR,REGULAR,PACF,10241
ONCO,20250717 10:14:53.705000,0,3.6,10,3.62,1,REGULAR,REGULAR,PACF,10241
ONCO,20250717 10:15:18.845000,0,3.6,10,3.62,1,REGULAR,REGULAR,PACF,10241
ONCO,20250717 10:15:26.095000,0,3.6,10,3.62,1,REGULAR,REGULAR,PACF,10241
ONCO,20250717 10:15:35.054000,0,3.6,10,3.62,1,REGULAR,REGULAR,PACF,10241
ONCO,20250717 10:15:38.142000,0,3.56,7,3.62,1,REGULAR,REGULAR,PACF,10241
ONCO,20250717 10:15:38.142000,0,3.56,7,3.62,1,REGULAR,REGULAR,PACF,10241
ONCO,20250717 10:15:38.142000,0,3.56,7,3.62,1,REGULAR,REGULAR,PACF,10241
ONCO,20250717 10:15:38.142000,0,3.56,7,3.62,1,REGULAR,REGULAR,PACF,10241
ONCO,20250717 10:15:38.142000,0,3.56,7,3.62,1,REGULAR,REGULAR,PACF,10241
ONCO,20250717 10:15:43.705000,0,3.56,6,3.62,1,REGULAR,REGULAR,PACF,10241
ONCO,20250717 10:15:43.705000,0,3.56,6,3.62,1,REGULAR,REGULAR,PACF,10241
ONCO,20250717 10:16:09.693000,0,3.56,6,3.62,1,REGULAR,REGULAR,PACF,10241
ONCO,20250717 10:16:14.594000,0,3.56,6,3.6,1,REGULAR,REGULAR,PACF,10305
ONCO,20250717 10:16:45.852000,0,3.56,6,3.6,1,REGULAR,REGULAR,PACF,10305
ONCO,20250717 10:16:46.972000,0,3.56,6,3.6,1,REGULAR,REGULAR,PACF,10305
ONCO,20250717 10:16:46.972000,0,3.56,6,3.6,1,REGULAR,REGULAR,PACF,10305
ONCO,20250717 10:16:46.974000,0,3.56,6,3.6,1,REGULAR,REGULAR,PACF,10305
ONCO,20250717 10:16:46.974000,0,3.56,6,3.6,1,REGULAR,REGULAR,PACF,10305
ONCO,20250717 10:16:46.975000,0,3.58,1,3.62,1,REGULAR,REGULAR,NQEX,10241
ONCO,20250717 10:16:46.975000,0,3.58,1,3.62,1,REGULAR,REGULAR,NQEX,10241
ONCO,20250717 10:16:46.975000,0,3.58,1,3.62,1,REGULAR,REGULAR,NQEX,10241
ONCO,20250717 10:16:46.975000,0,3.58,1,3.62,1,REGULAR,REGULAR,NQEX,10241
ONCO,20250717 10:16:46.975000,0,3.58,1,3.62,1,REGULAR,REGULAR,NQEX,10241
ONCO,20250717 10:16:46.975000,0,3.58,1,3.62,1,REGULAR,REGULAR,NQEX,10241
ONCO,20250717 10:16:46.976000,0,3.58,1,3.62,1,REGULAR,REGULAR,NQEX,10241
ONCO,20250717 10:16:46.976000,0,3.58,1,3.62,1,REGULAR,REGULAR,NQEX,10241
ONCO,20250717 10:16:46.976000,0,3.58,1,3.62,1,REGULAR,REGULAR,NQEX,10241
ONCO,20250717 10:16:46.977000,0,3.58,1,3.62,1,REGULAR,REGULAR,NQEX,10241
ONCO,20250717 10:16:46.977000,0,3.58,1,3.62,1,REGULAR,REGULAR,NQEX,10241
ONCO,20250717 10:16:46.977000,0,3.58,1,3.62,1,REGULAR,REGULAR,NQEX,10241
ONCO,20250717 10:16:46.978000,0,3.58,1,3.62,1,REGULAR,REGULAR,NQEX,10241
ONCO,20250717 10:16:46.978000,0,3.58,1,3.62,1,REGULAR,REGULAR,NQEX,10241
ONCO,20250717 10:16:46.978000,0,3.58,1,3.62,1,REGULAR,REGULAR,NQEX,10241
ONCO,20250717 10:16:46.978000,0,3.58,1,3.62,1,REGULAR,REGULAR,NQEX,10241
ONCO,20250717 10:16:46.997000,0,3.58,1,3.62,1,REGULAR,REGULAR,NQEX,10241
ONCO,20250717 10:17:49.837000,0,3.56,6,3.62,2,REGULAR,REGULAR,PACF,10241
ONCO,20250717 10:17:57.828000,0,3.56,6,3.62,2,REGULAR,REGULAR,PACF,10241
ONCO,20250717 10:18:10.240000,0,3.56,6,3.62,2,REGULAR,REGULAR,PACF,10241
ONCO,20250717 10:18:10.240000,0,3.56,6,3.62,2,REGULAR,REGULAR,PACF,10241
ONCO,20250717 10:18:23.457000,0,3.56,6,3.59,1,REGULAR,REGULAR,PACF,10313
ONCO,20250717 10:18:23.457000,0,3.56,6,3.59,1,REGULAR,REGULAR,PACF,10313
ONCO,20250717 10:18:23.457000,0,3.56,6,3.59,1,REGULAR,REGULAR,PACF,10313
ONCO,20250717 10:18:23.457000,0,3.56,6,3.59,1,REGULAR,REGULAR,PACF,10313
ONCO,20250717 10:18:23.458000,0,3.56,6,3.59,1,REGULAR,REGULAR,PACF,10313
ONCO,20250717 10:18:27.052000,0,3.56,6,3.62,1,REGULAR,REGULAR,PACF,10241
ONCO,20250717 10:18:27.058000,0,3.6,2,3.66,1,REGULAR,REGULAR,NQEX,10247
ONCO,20250717 10:18:27.058000,0,3.6,2,3.66,1,REGULAR,REGULAR,NQEX,10247
ONCO,20250717 10:18:27.058000,0,3.6,2,3.66,1,REGULAR,REGULAR,NQEX,10247
ONCO,20250717 10:18:27.058000,0,3.6,2,3.66,1,REGULAR,REGULAR,NQEX,10247
ONCO,20250717 10:18:27.058000,0,3.6,2,3.66,1,REGULAR,REGULAR,NQEX,10247
ONCO,20250717 10:18:27.058000,0,3.6,2,3.66,1,REGULAR,REGULAR,NQEX,10247
ONCO,20250717 10:18:27.058000,0,3.6,2,3.66,1,REGULAR,REGULAR,NQEX,10247
ONCO,20250717 10:18:27.058000,0,3.6,2,3.66,1,REGULAR,REGULAR,NQEX,10247
ONCO,20250717 10:18:27.059000,0,3.6,2,3.66,1,REGULAR,REGULAR,NQEX,10241
ONCO,20250717 10:18:51.936000,0,3.59,17,3.68,5,REGULAR,REGULAR,EDGX,10305
ONCO,20250717 10:19:04.144000,0,3.59,17,3.68,5,REGULAR,REGULAR,EDGX,10305
ONCO,20250717 10:19:19.826000,0,3.59,17,3.68,5,REGULAR,REGULAR,EDGX,10305
ONCO,20250717 10:19:53.145000,0,3.59,17,3.68,6,REGULAR,REGULAR,EDGX,10247
ONCO,20250717 10:20:03.663000,0,3.59,17,3.68,7,REGULAR,REGULAR,EDGX,10247
ONCO,20250717 10:21:26.993000,0,3.6,18,3.68,6,REGULAR,REGULAR,PACF,10247
ONCO,20250717 10:21:32.298000,0,3.6,18,3.68,6,REGULAR,REGULAR,PACF,10247
ONCO,20250717 10:23:25.004000,0,3.6,18,3.68,6,REGULAR,REGULAR,PACF,10247
ONCO,20250717 10:23:41.619000,0,3.6,18,3.68,6,REGULAR,REGULAR,PACF,10247
ONCO,20250717 10:23:41.620000,0,3.6,18,3.68,6,REGULAR,REGULAR,PACF,10247
ONCO,20250717 10:23:41.622000,0,3.6,18,3.68,6,REGULAR,REGULAR,PACF,10247
ONCO,20250717 10:23:41.623000,0,3.6,18,3.68,6,REGULAR,REGULAR,PACF,10247
ONCO,20250717 10:23:41.624000,0,3.6,18,3.68,6,REGULAR,REGULAR,PACF,10247
ONCO,20250717 10:24:48.739000,0,3.6,22,3.68,6,REGULAR,REGULAR,EDGX,10247
ONCO,20250717 10:24:55.086000,0,3.6,22,3.68,6,REGULAR,REGULAR,EDGX,10247
ONCO,20250717 10:26:12.426000,0,3.6,22,3.67,5,REGULAR,REGULAR,EDGX,10283
ONCO,20250717 10:26:26.123000,0,3.6,22,3.67,5,REGULAR,REGULAR,EDGX,10283
ONCO,20250717 10:26:26.124000,0,3.6,22,3.67,5,REGULAR,REGULAR,EDGX,10283
ONCO,20250717 10:26:52.789000,0,3.6,22,3.66,1,REGULAR,REGULAR,EDGX,10247
ONCO,20250717 10:27:13.504000,0,3.6,22,3.66,1,REGULAR,REGULAR,EDGX,10247
ONCO,20250717 10:27:58.701000,0,3.6,22,3.66,1,REGULAR,REGULAR,EDGX,10247
ONCO,20250717 10:28:03.871000,0,3.6,22,3.66,1,REGULAR,REGULAR,EDGX,10247
ONCO,20250717 10:28:41.442000,0,3.6,22,3.66,1,REGULAR,REGULAR,EDGX,10247
ONCO,20250717 10:29:27.508000,0,3.6,22,3.66,1,REGULAR,REGULAR,EDGX,10247
ONCO,20250717 10:29:44.502000,0,3.6,22,3.66,1,REGULAR,REGULAR,EDGX,10247
ONCO,20250717 10:29:44.973000,0,3.6,22,3.66,1,REGULAR,REGULAR,EDGX,10247
ONCO,20250717 10:30:13.821000,0,3.6,22,3.66,1,REGULAR,REGULAR,EDGX,10247
ONCO,20250717 10:30:17.336000,0,3.6,22,3.66,1,REGULAR,REGULAR,EDGX,10247
ONCO,20250717 10:30:18.193000,0,3.6,22,3.66,1,REGULAR,REGULAR,EDGX,10247
ONCO,20250717 10:30:22.269000,0,3.6,22,3.66,1,REGULAR,REGULAR,EDGX,10247
ONCO,20250717 10:31:06.921000,0,3.6,22,3.66,1,REGULAR,REGULAR,EDGX,10247
ONCO,20250717 10:31:06.922000,0,3.6,22,3.66,1,REGULAR,REGULAR,EDGX,10247
ONCO,20250717 10:31:37.155000,0,3.6,22,3.66,1,REGULAR,REGULAR,EDGX,10247
ONCO,20250717 10:32:06.821000,0,3.6,22,3.63,1,REGULAR,REGULAR,EDGX,10247
ONCO,20250717 10:32:21.958000,0,3.6,22,3.63,1,REGULAR,REGULAR,EDGX,10247
ONCO,20250717 10:32:42.948000,0,3.6,22,3.63,1,REGULAR,REGULAR,EDGX,10241
ONCO,20250717 10:33:03.532000,0,3.6,22,3.63,1,REGULAR,REGULAR,EDGX,10241
ONCO,20250717 10:33:21.154000,0,3.6,17,3.63,1,REGULAR,REGULAR,EDGX,10241
ONCO,20250717 10:33:21.154000,0,3.6,17,3.63,1,REGULAR,REGULAR,EDGX,10241
ONCO,20250717 10:33:57.553000,0,3.6,17,3.63,1,REGULAR,REGULAR,EDGX,10241
ONCO,20250717 10:33:57.868000,0,3.6,17,3.63,1,REGULAR,REGULAR,EDGX,10241
ONCO,20250717 10:33:57.973000,0,3.6,17,3.63,1,REGULAR,REGULAR,EDGX,10241
ONCO,20250717 10:34:17.080000,0,3.61,8,3.63,1,REGULAR,REGULAR,MIAX,10241
ONCO,20250717 10:34:24.166000,0,3.62,6,3.63,1,REGULAR,REGULAR,PACF,10241
ONCO,20250717 10:34:24.167000,0,3.62,6,3.63,1,REGULAR,REGULAR,PACF,10241
ONCO,20250717 10:34:31.861000,0,3.6,17,3.63,1,REGULAR,REGULAR,EDGX,10305
ONCO,20250717 10:34:31.862000,0,3.61,2,3.63,1,REGULAR,REGULAR,NQEX,10305
ONCO,20250717 10:34:31.862000,0,3.61,2,3.63,1,REGULAR,REGULAR,NQEX,10305
ONCO,20250717 10:34:31.862000,0,3.61,2,3.63,1,REGULAR,REGULAR,NQEX,10305
ONCO,20250717 10:34:31.862000,0,3.61,2,3.63,1,REGULAR,REGULAR,NQEX,10305
ONCO,20250717 10:34:31.863000,0,3.61,2,3.63,1,REGULAR,REGULAR,NQEX,10305
ONCO,20250717 10:34:31.913000,0,3.61,2,3.67,5,REGULAR,REGULAR,EDGX,10283
ONCO,20250717 10:34:55.840000,0,3.61,1,3.67,5,REGULAR,REGULAR,NQEX,10283
ONCO,20250717 10:35:41.879000,0,3.6,17,3.67,5,REGULAR,REGULAR,EDGX,10283
ONCO,20250717 10:35:48.711000,0,3.6,17,3.67,5,REGULAR,REGULAR,EDGX,10283
ONCO,20250717 10:36:05.548000,0,3.6,17,3.67,5,REGULAR,REGULAR,EDGX,10283
ONCO,20250717 10:36:07.563000,0,3.6,17,3.67,5,REGULAR,REGULAR,EDGX,10283
ONCO,20250717 10:36:12.584000,0,3.6,17,3.67,5,REGULAR,REGULAR,EDGX,10283
ONCO,20250717 10:36:53.378000,0,3.6,17,3.67,5,REGULAR,REGULAR,EDGX,10283
ONCO,20250717 10:37:23.413000,0,3.6,17,3.67,5,REGULAR,REGULAR,EDGX,10283
ONCO,20250717 10:37:25.338000,0,3.6,17,3.67,5,REGULAR,REGULAR,EDGX,10283
ONCO,20250717 10:37:31.598000,0,3.6,17,3.67,5,REGULAR,REGULAR,EDGX,10283
ONCO,20250717 10:37:43.343000,0,3.6,17,3.67,5,REGULAR,REGULAR,EDGX,10283
ONCO,20250717 10:37:43.355000,0,3.6,17,3.67,5,REGULAR,REGULAR,EDGX,10283
ONCO,20250717 10:37:44.284000,0,3.6,16,3.67,5,REGULAR,REGULAR,EDGX,10283
ONCO,20250717 10:37:44.287000,0,3.6,16,3.67,5,REGULAR,REGULAR,EDGX,10283
ONCO,20250717 10:37:44.287000,0,3.6,16,3.67,5,REGULAR,REGULAR,EDGX,10283
ONCO,20250717 10:37:44.842000,0,3.6,16,3.67,5,REGULAR,REGULAR,EDGX,10283
ONCO,20250717 10:37:47.087000,0,3.6,16,3.67,5,REGULAR,REGULAR,EDGX,10283
ONCO,20250717 10:38:43.878000,0,3.6,16,3.67,5,REGULAR,REGULAR,EDGX,10283
ONCO,20250717 10:38:47.466000,0,3.6,16,3.65,5,REGULAR,REGULAR,EDGX,10247
ONCO,20250717 10:39:31.567000,0,3.6,16,3.65,5,REGULAR,REGULAR,EDGX,10247
ONCO,20250717 10:40:00.162000,0,3.6,16,3.65,5,REGULAR,REGULAR,EDGX,10247
ONCO,20250717 10:40:06.723000,0,3.6,16,3.65,5,REGULAR,REGULAR,EDGX,10247
ONCO,20250717 10:40:06.723000,0,3.6,16,3.65,5,REGULAR,REGULAR,EDGX,10247
ONCO,20250717 10:40:11.108000,0,3.6,16,3.65,6,REGULAR,REGULAR,EDGX,10247
ONCO,20250717 10:40:25.555000,0,3.6,16,3.65,6,REGULAR,REGULAR,EDGX,10247
ONCO,20250717 10:40:57.652000,0,3.56,7,3.63,1,REGULAR,REGULAR,PACF,10305
ONCO,20250717 10:40:57.652000,0,3.56,7,3.63,1,REGULAR,REGULAR,PACF,10305
ONCO,20250717 10:40:57.652000,0,3.56,7,3.63,1,REGULAR,REGULAR,PACF,10305
ONCO,20250717 10:40:57.655000,0,3.56,6,3.63,2,REGULAR,REGULAR,PACF,10305
ONCO,20250717 10:40:57.659000,0,3.56,6,3.63,2,REGULAR,REGULAR,PACF,10305
ONCO,20250717 10:41:38.639000,0,3.56,6,3.63,2,REGULAR,REGULAR,PACF,10305
ONCO,20250717 10:41:43.249000,0,3.56,6,3.63,2,REGULAR,REGULAR,PACF,10305
ONCO,20250717 10:42:21.125000,0,3.56,6,3.63,9,REGULAR,REGULAR,PACF,10305
ONCO,20250717 10:42:27.193000,0,3.56,6,3.63,9,REGULAR,REGULAR,PACF,10305
ONCO,20250717 10:42:31.829000,0,3.56,6,3.63,9,REGULAR,REGULAR,PACF,10305
ONCO,20250717 10:43:46.286000,0,3.6,11,3.63,9,REGULAR,REGULAR,MIAX,10305
ONCO,20250717 10:43:50.543000,0,3.6,11,3.63,9,REGULAR,REGULAR,MIAX,10305
ONCO,20250717 10:43:52.203000,0,3.6,11,3.63,9,REGULAR,REGULAR,MIAX,10305
ONCO,20250717 10:43:52.204000,0,3.6,11,3.63,9,REGULAR,REGULAR,MIAX,10305
ONCO,20250717 10:43:52.209000,0,3.6,11,3.63,9,REGULAR,REGULAR,MIAX,10305
ONCO,20250717 10:44:15.709000,0,3.6,11,3.63,9,REGULAR,REGULAR,MIAX,10305
