SymbolId,CurrentTime,Index,Bid,BidSize,Ask,AskSize,BidCondition,AskCondition,BidExchange,AskExchange
CYCU,20250717 04:00:00.039000,0,0.36,20,0.38,19,REGULAR,REGULAR,EDGX,10305
CYCU,20250717 04:02:08.467000,0,0.36,20,0.38,19,REGULAR,REGULAR,EDGX,10305
CYCU,20250717 04:02:18.266000,0,0.36,20,0.38,19,REGULAR,REGULAR,EDGX,10305
CYCU,20250717 04:02:45.328000,0,0.36,20,0.38,19,REGULAR,REGULAR,EDGX,10305
CYCU,20250717 04:03:42.180000,0,0.37,12,0.38,19,REGULAR,REGULAR,BATS,10305
CYCU,20250717 04:08:30.315000,0,0.36,7,0.38,19,REGULAR,REGULAR,EDGX,10305
CYCU,20250717 04:10:52.109000,0,0.36,3,0.38,19,REGULAR,REGULAR,EDGX,10305
CYCU,20250717 04:10:52.109000,0,0.36,3,0.38,19,REGULAR,REGULAR,EDGX,10305
CYCU,20250717 04:10:52.109000,0,0.36,3,0.38,19,REGULAR,REGULAR,EDGX,10305
CYCU,20250717 04:10:52.109000,0,0.36,3,0.38,19,REGULAR,REGULAR,EDGX,10305
CYCU,20250717 04:11:11.053000,0,0.36,3,0.38,19,REGULAR,REGULAR,EDGX,10305
CYCU,20250717 04:11:31.534000,0,0.36,3,0.38,19,REGULAR,REGULAR,EDGX,10305
CYCU,20250717 04:13:06.446000,0,0.36,20,0.36,1,REGULAR,REGULAR,EDGX,10241
CYCU,20250717 04:13:06.446000,0,0.36,20,0.36,1,REGULAR,REGULAR,EDGX,10241
CYCU,20250717 04:13:06.446000,0,0.36,20,0.36,1,REGULAR,REGULAR,EDGX,10241
CYCU,20250717 04:13:06.446000,0,0.36,20,0.36,1,REGULAR,REGULAR,EDGX,10241
CYCU,20250717 04:13:06.446000,0,0.36,20,0.36,1,REGULAR,REGULAR,EDGX,10241
CYCU,20250717 04:13:06.446000,0,0.36,20,0.36,1,REGULAR,REGULAR,EDGX,10241
CYCU,20250717 04:13:06.446000,0,0.36,20,0.36,1,REGULAR,REGULAR,EDGX,10241
CYCU,20250717 04:13:06.446000,0,0.36,20,0.36,1,REGULAR,REGULAR,EDGX,10241
CYCU,20250717 04:13:06.446000,0,0.36,20,0.36,1,REGULAR,REGULAR,EDGX,10241
CYCU,20250717 04:13:06.446000,0,0.36,20,0.36,1,REGULAR,REGULAR,EDGX,10241
CYCU,20250717 04:13:06.446000,0,0.36,20,0.36,1,REGULAR,REGULAR,EDGX,10241
CYCU,20250717 04:13:06.446000,0,0.36,20,0.36,1,REGULAR,REGULAR,EDGX,10241
CYCU,20250717 04:13:06.446000,0,0.36,20,0.36,1,REGULAR,REGULAR,EDGX,10241
CYCU,20250717 04:13:06.446000,0,0.36,20,0.36,1,REGULAR,REGULAR,EDGX,10241
CYCU,20250717 04:13:06.446000,0,0.36,20,0.36,1,REGULAR,REGULAR,EDGX,10241
CYCU,20250717 04:13:06.446000,0,0.36,20,0.36,1,REGULAR,REGULAR,EDGX,10241
CYCU,20250717 04:13:06.446000,0,0.36,20,0.36,1,REGULAR,REGULAR,EDGX,10241
CYCU,20250717 04:13:06.446000,0,0.36,20,0.36,1,REGULAR,REGULAR,EDGX,10241
CYCU,20250717 04:13:06.446000,0,0.36,20,0.36,1,REGULAR,REGULAR,EDGX,10241
CYCU,20250717 04:13:06.446000,0,0.36,20,0.36,1,REGULAR,REGULAR,EDGX,10241
CYCU,20250717 04:13:06.446000,0,0.36,20,0.36,1,REGULAR,REGULAR,EDGX,10241
CYCU,20250717 04:13:06.446000,0,0.36,20,0.36,1,REGULAR,REGULAR,EDGX,10241
CYCU,20250717 04:13:06.446000,0,0.36,20,0.36,1,REGULAR,REGULAR,EDGX,10241
CYCU,20250717 04:13:06.446000,0,0.36,20,0.36,1,REGULAR,REGULAR,EDGX,10241
CYCU,20250717 04:13:06.446000,0,0.36,20,0.36,1,REGULAR,REGULAR,EDGX,10241
CYCU,20250717 04:13:06.446000,0,0.36,20,0.36,1,REGULAR,REGULAR,EDGX,10241
CYCU,20250717 04:13:06.446000,0,0.36,20,0.36,1,REGULAR,REGULAR,EDGX,10241
CYCU,20250717 04:13:06.446000,0,0.36,20,0.36,1,REGULAR,REGULAR,EDGX,10241
CYCU,20250717 04:13:06.446000,0,0.36,20,0.36,1,REGULAR,REGULAR,EDGX,10241
CYCU,20250717 04:13:06.446000,0,0.36,20,0.36,1,REGULAR,REGULAR,EDGX,10241
CYCU,20250717 04:13:06.446000,0,0.36,20,0.36,1,REGULAR,REGULAR,EDGX,10241
CYCU,20250717 04:13:06.446000,0,0.36,20,0.36,1,REGULAR,REGULAR,EDGX,10241
CYCU,20250717 04:13:06.446000,0,0.36,20,0.36,1,REGULAR,REGULAR,EDGX,10241
CYCU,20250717 04:13:06.446000,0,0.36,20,0.36,1,REGULAR,REGULAR,EDGX,10241
CYCU,20250717 04:13:06.446000,0,0.36,20,0.36,1,REGULAR,REGULAR,EDGX,10241
CYCU,20250717 04:13:06.446000,0,0.36,20,0.36,1,REGULAR,REGULAR,EDGX,10241
CYCU,20250717 04:13:06.446000,0,0.36,20,0.36,1,REGULAR,REGULAR,EDGX,10241
CYCU,20250717 04:13:06.446000,0,0.36,20,0.36,1,REGULAR,REGULAR,EDGX,10241
CYCU,20250717 04:13:06.446000,0,0.36,20,0.36,1,REGULAR,REGULAR,EDGX,10241
CYCU,20250717 04:13:06.446000,0,0.36,20,0.36,1,REGULAR,REGULAR,EDGX,10241
CYCU,20250717 04:13:06.446000,0,0.36,20,0.36,1,REGULAR,REGULAR,EDGX,10241
CYCU,20250717 04:13:06.446000,0,0.36,20,0.36,1,REGULAR,REGULAR,EDGX,10241
CYCU,20250717 04:13:06.446000,0,0.36,20,0.36,1,REGULAR,REGULAR,EDGX,10241
CYCU,20250717 04:13:06.446000,0,0.36,20,0.36,1,REGULAR,REGULAR,EDGX,10241
CYCU,20250717 04:13:06.446000,0,0.36,20,0.36,1,REGULAR,REGULAR,EDGX,10241
CYCU,20250717 04:13:06.446000,0,0.36,20,0.36,1,REGULAR,REGULAR,EDGX,10241
CYCU,20250717 04:13:06.446000,0,0.36,20,0.36,1,REGULAR,REGULAR,EDGX,10241
CYCU,20250717 04:13:57.269000,0,0.36,2,0.38,19,REGULAR,REGULAR,EDGX,10305
CYCU,20250717 04:14:11.090000,0,0.36,1,0.38,19,REGULAR,REGULAR,EDGX,10305
CYCU,20250717 04:16:42.669000,0,0.36,1,0.36,281,REGULAR,REGULAR,NQEX,10247
CYCU,20250717 04:16:42.669000,0,0.36,1,0.36,281,REGULAR,REGULAR,NQEX,10247
CYCU,20250717 04:16:42.669000,0,0.36,1,0.36,281,REGULAR,REGULAR,NQEX,10247
CYCU,20250717 04:16:42.669000,0,0.36,1,0.36,281,REGULAR,REGULAR,NQEX,10247
CYCU,20250717 04:16:42.669000,0,0.36,1,0.36,281,REGULAR,REGULAR,NQEX,10247
CYCU,20250717 04:16:42.669000,0,0.36,1,0.36,281,REGULAR,REGULAR,NQEX,10247
CYCU,20250717 04:16:42.669000,0,0.36,1,0.36,281,REGULAR,REGULAR,NQEX,10247
CYCU,20250717 04:16:42.669000,0,0.36,1,0.36,281,REGULAR,REGULAR,NQEX,10247
CYCU,20250717 04:16:42.669000,0,0.36,1,0.36,281,REGULAR,REGULAR,NQEX,10247
CYCU,20250717 04:16:42.669000,0,0.36,1,0.36,281,REGULAR,REGULAR,NQEX,10247
CYCU,20250717 04:16:42.669000,0,0.36,1,0.36,281,REGULAR,REGULAR,NQEX,10247
CYCU,20250717 04:16:42.669000,0,0.36,1,0.36,281,REGULAR,REGULAR,NQEX,10247
CYCU,20250717 04:16:42.671000,0,0.35,1,0.36,280,REGULAR,REGULAR,EDGX,10247
CYCU,20250717 04:16:42.672000,0,0.35,1,0.36,97,REGULAR,REGULAR,EDGX,10247
CYCU,20250717 04:16:42.672000,0,0.35,1,0.36,97,REGULAR,REGULAR,EDGX,10247
CYCU,20250717 04:16:42.672000,0,0.35,1,0.36,97,REGULAR,REGULAR,EDGX,10247
CYCU,20250717 04:16:42.672000,0,0.35,1,0.36,97,REGULAR,REGULAR,EDGX,10247
CYCU,20250717 04:16:42.674000,0,0.35,1,0.36,77,REGULAR,REGULAR,EDGX,10247
CYCU,20250717 04:17:36.551000,0,0.35,1,0.36,77,REGULAR,REGULAR,EDGX,10247
CYCU,20250717 04:18:33.769000,0,0.35,1,0.36,77,REGULAR,REGULAR,EDGX,10247
CYCU,20250717 04:18:33.769000,0,0.35,1,0.36,77,REGULAR,REGULAR,EDGX,10247
CYCU,20250717 04:18:48.858000,0,0.35,1,0.36,77,REGULAR,REGULAR,EDGX,10247
CYCU,20250717 04:19:01.134000,0,0.35,1,0.36,70,REGULAR,REGULAR,EDGX,10247
CYCU,20250717 04:19:01.134000,0,0.35,1,0.36,70,REGULAR,REGULAR,EDGX,10247
CYCU,20250717 04:19:03.082000,0,0.35,1,0.36,67,REGULAR,REGULAR,EDGX,10247
CYCU,20250717 04:19:17.728000,0,0.35,1,0.36,87,REGULAR,REGULAR,EDGX,10300
CYCU,20250717 04:19:24.101000,0,0.35,1,0.36,87,REGULAR,REGULAR,EDGX,10300
CYCU,20250717 04:20:06.661000,0,0.35,1,0.36,87,REGULAR,REGULAR,EDGX,10300
CYCU,20250717 04:20:16.749000,0,0.35,1,0.36,87,REGULAR,REGULAR,EDGX,10300
CYCU,20250717 04:20:31.970000,0,0.35,1,0.36,87,REGULAR,REGULAR,EDGX,10300
CYCU,20250717 04:21:15.912000,0,0.35,1,0.36,87,REGULAR,REGULAR,EDGX,10300
CYCU,20250717 04:23:38.167000,0,0.35,1,0.36,87,REGULAR,REGULAR,EDGX,10300
CYCU,20250717 04:23:54.058000,0,0.35,1,0.36,87,REGULAR,REGULAR,EDGX,10300
CYCU,20250717 04:24:02.179000,0,0.36,9,0.36,87,REGULAR,REGULAR,PACF,10300
CYCU,20250717 04:24:02.180000,0,0.36,56,0.38,19,REGULAR,REGULAR,PACF,10305
CYCU,20250717 04:24:02.180000,0,0.36,56,0.38,19,REGULAR,REGULAR,PACF,10305
CYCU,20250717 04:24:02.180000,0,0.36,56,0.38,19,REGULAR,REGULAR,PACF,10305
CYCU,20250717 04:24:10.662000,0,0.36,56,0.38,19,REGULAR,REGULAR,PACF,10305
CYCU,20250717 04:25:18.654000,0,0.35,1,0.38,19,REGULAR,REGULAR,EDGX,10305
CYCU,20250717 04:25:25.783000,0,0.35,1,0.38,19,REGULAR,REGULAR,EDGX,10305
CYCU,20250717 04:27:17.931000,0,0.35,1,0.38,19,REGULAR,REGULAR,EDGX,10305
CYCU,20250717 04:29:14.300000,0,0.36,1,0.37,6,REGULAR,REGULAR,MEMX,10247
CYCU,20250717 04:29:14.300000,0,0.36,1,0.37,6,REGULAR,REGULAR,MEMX,10247
CYCU,20250717 04:29:44.767000,0,0.36,1,0.37,10,REGULAR,REGULAR,PACF,10305
CYCU,20250717 04:29:44.767000,0,0.36,1,0.37,10,REGULAR,REGULAR,PACF,10305
CYCU,20250717 04:29:45.337000,0,0.36,1,0.37,10,REGULAR,REGULAR,PACF,10305
CYCU,20250717 04:30:37.551000,0,0.36,1,0.37,10,REGULAR,REGULAR,PACF,10305
CYCU,20250717 04:31:45.453000,0,0.36,1,0.37,1,REGULAR,REGULAR,MEMX,10241
CYCU,20250717 04:31:45.453000,0,0.36,1,0.37,1,REGULAR,REGULAR,MEMX,10241
CYCU,20250717 04:31:45.453000,0,0.36,1,0.37,1,REGULAR,REGULAR,MEMX,10241
CYCU,20250717 04:31:45.453000,0,0.36,1,0.37,1,REGULAR,REGULAR,MEMX,10241
CYCU,20250717 04:42:45.009000,0,0.36,1,0.37,10,REGULAR,REGULAR,PACF,10305
CYCU,20250717 04:44:24.561000,0,0.36,1,0.37,14,REGULAR,REGULAR,NQEX,10305
CYCU,20250717 04:45:56.331000,0,0.36,1,0.37,14,REGULAR,REGULAR,NQEX,10305
CYCU,20250717 04:49:58.938000,0,0.36,1,0.36,1,REGULAR,REGULAR,NQEX,10247
CYCU,20250717 04:49:58.938000,0,0.36,1,0.36,1,REGULAR,REGULAR,NQEX,10247
CYCU,20250717 04:49:58.939000,0,0.36,1,0.36,1,REGULAR,REGULAR,NQEX,10241
CYCU,20250717 04:49:58.939000,0,0.36,1,0.36,1,REGULAR,REGULAR,NQEX,10241
CYCU,20250717 04:49:58.939000,0,0.36,1,0.36,1,REGULAR,REGULAR,NQEX,10241
CYCU,20250717 04:49:58.939000,0,0.36,1,0.36,1,REGULAR,REGULAR,NQEX,10241
CYCU,20250717 04:49:58.939000,0,0.36,1,0.36,1,REGULAR,REGULAR,NQEX,10241
CYCU,20250717 04:49:58.939000,0,0.36,1,0.36,1,REGULAR,REGULAR,NQEX,10241
CYCU,20250717 04:49:58.939000,0,0.36,1,0.36,1,REGULAR,REGULAR,NQEX,10241
CYCU,20250717 04:55:23.444000,0,0.36,5,0.37,14,REGULAR,REGULAR,EDGX,10305
CYCU,20250717 04:59:27.956000,0,0.36,1,0.37,10,REGULAR,REGULAR,NQEX,10241
CYCU,20250717 04:59:36.061000,0,0.36,3,0.36,1,REGULAR,REGULAR,NQEX,10241
CYCU,20250717 04:59:36.061000,0,0.36,3,0.36,1,REGULAR,REGULAR,NQEX,10241
CYCU,20250717 04:59:36.061000,0,0.36,3,0.36,1,REGULAR,REGULAR,NQEX,10241
CYCU,20250717 04:59:36.061000,0,0.36,3,0.36,1,REGULAR,REGULAR,NQEX,10241
CYCU,20250717 05:00:18.624000,0,0.36,1,0.36,1,REGULAR,REGULAR,NQEX,10241
CYCU,20250717 05:00:18.624000,0,0.36,1,0.36,1,REGULAR,REGULAR,NQEX,10241
CYCU,20250717 05:27:00.926000,0,0.36,20,0.37,9,REGULAR,REGULAR,PACF,10305
CYCU,20250717 05:32:06.013000,0,0.36,18,0.36,1,REGULAR,REGULAR,PACF,10247
CYCU,20250717 05:32:06.013000,0,0.36,18,0.36,1,REGULAR,REGULAR,PACF,10247
CYCU,20250717 05:36:52.743000,0,0.36,5,0.37,9,REGULAR,REGULAR,BATS,10305
CYCU,20250717 05:37:03.508000,0,0.36,5,0.37,9,REGULAR,REGULAR,BATS,10305
CYCU,20250717 05:37:03.508000,0,0.36,5,0.37,9,REGULAR,REGULAR,BATS,10305
CYCU,20250717 05:37:12.608000,0,0.36,5,0.37,9,REGULAR,REGULAR,BATS,10305
CYCU,20250717 05:40:17.393000,0,0.36,3,0.36,39,REGULAR,REGULAR,NQEX,10247
CYCU,20250717 05:40:17.393000,0,0.36,3,0.36,39,REGULAR,REGULAR,NQEX,10247
CYCU,20250717 05:40:17.393000,0,0.36,3,0.36,39,REGULAR,REGULAR,NQEX,10247
CYCU,20250717 05:40:17.393000,0,0.36,3,0.36,39,REGULAR,REGULAR,NQEX,10247
CYCU,20250717 05:40:17.393000,0,0.36,3,0.36,39,REGULAR,REGULAR,NQEX,10247
CYCU,20250717 05:40:17.393000,0,0.36,3,0.36,39,REGULAR,REGULAR,NQEX,10247
CYCU,20250717 05:40:17.393000,0,0.36,3,0.36,39,REGULAR,REGULAR,NQEX,10247
CYCU,20250717 05:40:17.393000,0,0.36,3,0.36,39,REGULAR,REGULAR,NQEX,10247
CYCU,20250717 05:40:17.393000,0,0.36,3,0.36,39,REGULAR,REGULAR,NQEX,10247
CYCU,20250717 05:40:17.393000,0,0.36,3,0.36,39,REGULAR,REGULAR,NQEX,10247
CYCU,20250717 05:40:17.395000,0,0.36,3,0.36,44,REGULAR,REGULAR,NQEX,10247
CYCU,20250717 05:41:17.395000,0,0.36,3,0.36,40,REGULAR,REGULAR,NQEX,10247
CYCU,20250717 05:41:17.395000,0,0.36,3,0.36,40,REGULAR,REGULAR,NQEX,10247
CYCU,20250717 05:42:24.019000,0,0.36,19,0.37,9,REGULAR,REGULAR,PACF,10305
CYCU,20250717 05:45:15.892000,0,0.36,1,0.36,22,REGULAR,REGULAR,PACF,10247
CYCU,20250717 05:45:26.239000,0,0.36,1,0.36,154,REGULAR,REGULAR,MEMX,10247
CYCU,20250717 05:45:26.239000,0,0.36,1,0.36,154,REGULAR,REGULAR,MEMX,10247
CYCU,20250717 05:46:28.396000,0,0.35,1,0.36,11,REGULAR,REGULAR,EDGX,10247
CYCU,20250717 05:46:28.396000,0,0.35,1,0.36,11,REGULAR,REGULAR,EDGX,10247
CYCU,20250717 05:46:28.396000,0,0.35,1,0.36,11,REGULAR,REGULAR,EDGX,10247
CYCU,20250717 05:46:28.396000,0,0.35,1,0.36,11,REGULAR,REGULAR,EDGX,10247
CYCU,20250717 05:46:28.396000,0,0.35,1,0.36,11,REGULAR,REGULAR,EDGX,10247
CYCU,20250717 05:46:28.396000,0,0.35,1,0.36,11,REGULAR,REGULAR,EDGX,10247
CYCU,20250717 05:46:28.396000,0,0.35,1,0.36,11,REGULAR,REGULAR,EDGX,10247
CYCU,20250717 05:46:28.396000,0,0.35,1,0.36,11,REGULAR,REGULAR,EDGX,10247
CYCU,20250717 05:46:57.051000,0,0.35,1,0.36,78,REGULAR,REGULAR,EDGX,10247
CYCU,20250717 05:48:18.085000,0,0.35,1,0.36,78,REGULAR,REGULAR,EDGX,10247
CYCU,20250717 05:53:02.633000,0,0.35,1,0.36,78,REGULAR,REGULAR,EDGX,10247
CYCU,20250717 05:53:31.984000,0,0.35,1,0.36,156,REGULAR,REGULAR,EDGX,10247
CYCU,20250717 05:53:31.984000,0,0.35,1,0.36,156,REGULAR,REGULAR,EDGX,10247
CYCU,20250717 05:54:07.342000,0,0.35,1,0.36,77,REGULAR,REGULAR,EDGX,10247
CYCU,20250717 05:54:07.342000,0,0.35,1,0.36,77,REGULAR,REGULAR,EDGX,10247
CYCU,20250717 06:02:25.556000,0,0.35,1,0.36,76,REGULAR,REGULAR,EDGX,10247
CYCU,20250717 06:04:30.894000,0,0.35,1,0.36,76,REGULAR,REGULAR,EDGX,10247
CYCU,20250717 06:04:57.378000,0,0.35,1,0.36,76,REGULAR,REGULAR,EDGX,10247
CYCU,20250717 06:04:57.648000,0,0.35,1,0.35,17,REGULAR,REGULAR,EDGX,10247
CYCU,20250717 06:04:57.649000,0,0.35,1,0.35,16,REGULAR,REGULAR,EDGX,10247
CYCU,20250717 06:08:19.415000,0,0.35,1,0.36,68,REGULAR,REGULAR,EDGX,10247
CYCU,20250717 06:10:26.017000,0,0.35,1,0.36,67,REGULAR,REGULAR,EDGX,10247
CYCU,20250717 06:14:58.161000,0,0.35,1,0.36,67,REGULAR,REGULAR,EDGX,10247
CYCU,20250717 06:15:04.828000,0,0.35,1,0.36,67,REGULAR,REGULAR,EDGX,10247
CYCU,20250717 06:17:57.984000,0,0.35,1,0.36,57,REGULAR,REGULAR,EDGX,10247
CYCU,20250717 06:18:14.589000,0,0.35,1,0.36,40,REGULAR,REGULAR,EDGX,10247
CYCU,20250717 06:20:11.055000,0,0.35,1,0.35,9,REGULAR,REGULAR,EDGX,10247
CYCU,20250717 06:20:11.055000,0,0.35,1,0.35,9,REGULAR,REGULAR,EDGX,10247
CYCU,20250717 06:20:11.056000,0,0.35,1,0.36,40,REGULAR,REGULAR,EDGX,10247
CYCU,20250717 06:26:11.485000,0,0.35,1,0.36,119,REGULAR,REGULAR,EDGX,10247
CYCU,20250717 06:32:03.349000,0,0.35,1,0.36,119,REGULAR,REGULAR,EDGX,10247
CYCU,20250717 06:33:26.762000,0,0.35,1,0.36,119,REGULAR,REGULAR,EDGX,10247
CYCU,20250717 06:40:22.672000,0,0.35,1,0.36,119,REGULAR,REGULAR,EDGX,10247
CYCU,20250717 06:40:30.106000,0,0.35,1,0.36,119,REGULAR,REGULAR,EDGX,10247
CYCU,20250717 06:43:57.411000,0,0.35,1,0.36,124,REGULAR,REGULAR,EDGX,10247
CYCU,20250717 06:44:29.729000,0,0.35,1,0.36,124,REGULAR,REGULAR,EDGX,10247
CYCU,20250717 06:45:41.819000,0,0.35,1,0.36,124,REGULAR,REGULAR,EDGX,10247
CYCU,20250717 06:47:52.128000,0,0.35,1,0.36,111,REGULAR,REGULAR,EDGX,10247
CYCU,20250717 06:47:52.128000,0,0.35,1,0.36,111,REGULAR,REGULAR,EDGX,10247
CYCU,20250717 06:47:52.128000,0,0.35,1,0.36,111,REGULAR,REGULAR,EDGX,10247
CYCU,20250717 06:47:58.130000,0,0.35,1,0.36,111,REGULAR,REGULAR,EDGX,10247
CYCU,20250717 06:55:58.678000,0,0.35,1,0.36,111,REGULAR,REGULAR,EDGX,10247
CYCU,20250717 06:57:30.449000,0,0.35,1,0.36,111,REGULAR,REGULAR,EDGX,10247
CYCU,20250717 06:59:49.165000,0,0.35,1,0.36,130,REGULAR,REGULAR,EDGX,10247
CYCU,20250717 07:03:25.855000,0,0.35,1,0.36,130,REGULAR,REGULAR,EDGX,10247
CYCU,20250717 07:03:35.730000,0,0.35,1,0.36,130,REGULAR,REGULAR,EDGX,10247
CYCU,20250717 07:04:03.392000,0,0.35,1,0.36,130,REGULAR,REGULAR,EDGX,10247
CYCU,20250717 07:15:01.122000,0,0.36,9,0.36,110,REGULAR,REGULAR,PACF,10247
CYCU,20250717 07:23:39.730000,0,0.35,1,0.36,74,REGULAR,REGULAR,EDGX,10313
CYCU,20250717 07:24:57.384000,0,0.35,1,0.36,74,REGULAR,REGULAR,EDGX,10313
CYCU,20250717 07:24:57.384000,0,0.35,1,0.36,74,REGULAR,REGULAR,EDGX,10313
CYCU,20250717 07:24:57.384000,0,0.35,1,0.36,74,REGULAR,REGULAR,EDGX,10313
CYCU,20250717 07:24:57.384000,0,0.35,1,0.36,74,REGULAR,REGULAR,EDGX,10313
CYCU,20250717 07:25:15.221000,0,0.35,1,0.36,74,REGULAR,REGULAR,EDGX,10313
CYCU,20250717 07:25:15.221000,0,0.35,1,0.36,74,REGULAR,REGULAR,EDGX,10313
CYCU,20250717 07:25:15.221000,0,0.35,1,0.36,74,REGULAR,REGULAR,EDGX,10313
CYCU,20250717 07:25:15.221000,0,0.35,1,0.36,74,REGULAR,REGULAR,EDGX,10313
CYCU,20250717 07:25:15.221000,0,0.35,1,0.36,74,REGULAR,REGULAR,EDGX,10313
CYCU,20250717 07:26:47.545000,0,0.35,2,0.36,74,REGULAR,REGULAR,PACF,10313
CYCU,20250717 07:27:20.371000,0,0.35,1,0.36,74,REGULAR,REGULAR,EDGX,10313
CYCU,20250717 07:32:53.048000,0,0.35,1,0.36,74,REGULAR,REGULAR,EDGX,10313
CYCU,20250717 07:41:34.771000,0,0.35,1,0.35,7,REGULAR,REGULAR,EDGX,10247
CYCU,20250717 07:50:51.117000,0,0.35,10,0.35,7,REGULAR,REGULAR,EDGX,10247
CYCU,20250717 07:50:51.118000,0,0.35,5,0.35,7,REGULAR,REGULAR,EDGX,10247
CYCU,20250717 07:50:51.118000,0,0.35,5,0.35,7,REGULAR,REGULAR,EDGX,10247
CYCU,20250717 07:55:17.229000,0,0.35,3,0.35,10,REGULAR,REGULAR,MEMX,10247
CYCU,20250717 07:55:17.229000,0,0.35,3,0.35,10,REGULAR,REGULAR,MEMX,10247
CYCU,20250717 07:56:00.797000,0,0.35,1,0.36,74,REGULAR,REGULAR,PACF,10313
CYCU,20250717 07:56:00.797000,0,0.35,1,0.36,74,REGULAR,REGULAR,PACF,10313
CYCU,20250717 07:56:00.797000,0,0.35,1,0.36,74,REGULAR,REGULAR,PACF,10313
CYCU,20250717 07:57:20.563000,0,0.35,649,0.36,74,REGULAR,REGULAR,NQEX,10313
CYCU,20250717 07:58:13.663000,0,0.35,649,0.36,74,REGULAR,REGULAR,NQEX,10313
CYCU,20250717 07:58:13.665000,0,0.35,624,0.36,74,REGULAR,REGULAR,NQEX,10313
CYCU,20250717 07:59:06.119000,0,0.35,624,0.36,74,REGULAR,REGULAR,NQEX,10313
CYCU,20250717 08:00:00.166000,0,0.35,624,0.36,74,REGULAR,REGULAR,NQEX,10313
CYCU,20250717 08:00:00.210000,0,0.35,624,0.36,74,REGULAR,REGULAR,NQEX,10313
CYCU,20250717 08:00:00.261000,0,0.35,624,0.36,74,REGULAR,REGULAR,NQEX,10313
CYCU,20250717 08:00:00.261000,0,0.35,624,0.36,74,REGULAR,REGULAR,NQEX,10313
CYCU,20250717 08:00:00.262000,0,0.35,624,0.36,74,REGULAR,REGULAR,NQEX,10313
CYCU,20250717 08:00:00.301000,0,0.35,624,0.36,74,REGULAR,REGULAR,NQEX,10313
CYCU,20250717 08:00:00.426000,0,0.35,624,0.36,74,REGULAR,REGULAR,NQEX,10313
CYCU,20250717 08:00:00.468000,0,0.35,624,0.36,74,REGULAR,REGULAR,NQEX,10313
CYCU,20250717 08:00:00.476000,0,0.35,624,0.36,74,REGULAR,REGULAR,NQEX,10313
CYCU,20250717 08:00:00.560000,0,0.35,624,0.36,74,REGULAR,REGULAR,NQEX,10313
CYCU,20250717 08:00:00.821000,0,0.35,624,0.36,74,REGULAR,REGULAR,NQEX,10313
CYCU,20250717 08:00:00.893000,0,0.35,624,0.36,74,REGULAR,REGULAR,NQEX,10313
CYCU,20250717 08:00:00.908000,0,0.35,624,0.36,74,REGULAR,REGULAR,NQEX,10313
CYCU,20250717 08:00:00.980000,0,0.35,624,0.36,74,REGULAR,REGULAR,NQEX,10313
CYCU,20250717 08:00:01.017000,0,0.35,624,0.36,74,REGULAR,REGULAR,NQEX,10313
CYCU,20250717 08:00:01.159000,0,0.35,624,0.36,74,REGULAR,REGULAR,NQEX,10313
CYCU,20250717 08:00:01.213000,0,0.35,624,0.36,74,REGULAR,REGULAR,NQEX,10313
CYCU,20250717 08:00:01.214000,0,0.35,624,0.36,74,REGULAR,REGULAR,NQEX,10313
CYCU,20250717 08:00:01.249000,0,0.35,624,0.36,74,REGULAR,REGULAR,NQEX,10313
CYCU,20250717 08:00:01.257000,0,0.35,624,0.36,74,REGULAR,REGULAR,NQEX,10313
CYCU,20250717 08:00:01.304000,0,0.35,624,0.36,74,REGULAR,REGULAR,NQEX,10313
CYCU,20250717 08:00:01.327000,0,0.35,624,0.36,74,REGULAR,REGULAR,NQEX,10313
CYCU,20250717 08:00:01.444000,0,0.35,624,0.36,74,REGULAR,REGULAR,NQEX,10313
CYCU,20250717 08:00:01.586000,0,0.35,624,0.36,74,REGULAR,REGULAR,NQEX,10313
CYCU,20250717 08:00:01.754000,0,0.35,624,0.36,74,REGULAR,REGULAR,NQEX,10313
CYCU,20250717 08:00:01.977000,0,0.35,624,0.36,74,REGULAR,REGULAR,NQEX,10313
CYCU,20250717 08:00:02.162000,0,0.35,624,0.36,74,REGULAR,REGULAR,NQEX,10313
CYCU,20250717 08:00:02.242000,0,0.35,624,0.36,74,REGULAR,REGULAR,NQEX,10313
CYCU,20250717 08:00:02.628000,0,0.35,624,0.36,74,REGULAR,REGULAR,NQEX,10313
CYCU,20250717 08:00:03.237000,0,0.35,624,0.36,74,REGULAR,REGULAR,NQEX,10313
CYCU,20250717 08:00:03.295000,0,0.35,624,0.36,74,REGULAR,REGULAR,NQEX,10313
CYCU,20250717 08:00:04.086000,0,0.35,624,0.36,74,REGULAR,REGULAR,NQEX,10313
CYCU,20250717 08:00:04.120000,0,0.35,624,0.36,74,REGULAR,REGULAR,NQEX,10313
CYCU,20250717 08:00:04.423000,0,0.35,624,0.36,74,REGULAR,REGULAR,NQEX,10313
CYCU,20250717 08:00:04.845000,0,0.35,624,0.36,74,REGULAR,REGULAR,NQEX,10313
CYCU,20250717 08:00:04.846000,0,0.35,624,0.36,74,REGULAR,REGULAR,NQEX,10313
CYCU,20250717 08:00:04.915000,0,0.35,624,0.36,74,REGULAR,REGULAR,NQEX,10313
CYCU,20250717 08:00:05.006000,0,0.35,624,0.36,74,REGULAR,REGULAR,NQEX,10313
CYCU,20250717 08:00:05.011000,0,0.35,624,0.36,74,REGULAR,REGULAR,NQEX,10313
CYCU,20250717 08:00:05.012000,0,0.35,624,0.36,74,REGULAR,REGULAR,NQEX,10313
CYCU,20250717 08:00:05.042000,0,0.35,624,0.36,74,REGULAR,REGULAR,NQEX,10313
CYCU,20250717 08:00:05.058000,0,0.35,624,0.36,74,REGULAR,REGULAR,NQEX,10313
CYCU,20250717 08:00:05.084000,0,0.35,624,0.36,74,REGULAR,REGULAR,NQEX,10313
CYCU,20250717 08:00:05.188000,0,0.35,624,0.36,74,REGULAR,REGULAR,NQEX,10313
CYCU,20250717 08:00:05.198000,0,0.35,624,0.36,74,REGULAR,REGULAR,NQEX,10313
CYCU,20250717 08:00:05.301000,0,0.35,624,0.36,74,REGULAR,REGULAR,NQEX,10313
CYCU,20250717 08:00:05.314000,0,0.35,624,0.36,74,REGULAR,REGULAR,NQEX,10313
CYCU,20250717 08:00:05.387000,0,0.35,624,0.36,74,REGULAR,REGULAR,NQEX,10313
CYCU,20250717 08:00:05.401000,0,0.35,624,0.36,74,REGULAR,REGULAR,NQEX,10313
CYCU,20250717 08:00:05.403000,0,0.35,624,0.36,74,REGULAR,REGULAR,NQEX,10313
CYCU,20250717 08:00:05.458000,0,0.35,624,0.36,74,REGULAR,REGULAR,NQEX,10313
CYCU,20250717 08:00:05.461000,0,0.35,624,0.36,74,REGULAR,REGULAR,NQEX,10313
CYCU,20250717 08:00:05.566000,0,0.35,624,0.36,74,REGULAR,REGULAR,NQEX,10313
CYCU,20250717 08:00:05.696000,0,0.35,624,0.36,74,REGULAR,REGULAR,NQEX,10313
CYCU,20250717 08:00:05.866000,0,0.35,624,0.36,74,REGULAR,REGULAR,NQEX,10313
CYCU,20250717 08:00:05.866000,0,0.35,624,0.36,74,REGULAR,REGULAR,NQEX,10313
CYCU,20250717 08:00:06.061000,0,0.35,624,0.36,74,REGULAR,REGULAR,NQEX,10313
CYCU,20250717 08:00:06.165000,0,0.35,624,0.36,74,REGULAR,REGULAR,NQEX,10313
CYCU,20250717 08:00:06.170000,0,0.35,624,0.36,74,REGULAR,REGULAR,NQEX,10313
CYCU,20250717 08:00:06.189000,0,0.35,624,0.36,74,REGULAR,REGULAR,NQEX,10313
CYCU,20250717 08:00:06.498000,0,0.35,624,0.36,74,REGULAR,REGULAR,NQEX,10313
CYCU,20250717 08:00:06.595000,0,0.35,624,0.36,74,REGULAR,REGULAR,NQEX,10313
CYCU,20250717 08:00:06.595000,0,0.35,624,0.36,74,REGULAR,REGULAR,NQEX,10313
CYCU,20250717 08:00:09.385000,0,0.35,624,0.36,74,REGULAR,REGULAR,NQEX,10313
CYCU,20250717 08:00:10.055000,0,0.35,624,0.36,74,REGULAR,REGULAR,NQEX,10313
CYCU,20250717 08:00:11.297000,0,0.35,624,0.36,74,REGULAR,REGULAR,NQEX,10313
CYCU,20250717 08:00:13.321000,0,0.35,624,0.36,74,REGULAR,REGULAR,NQEX,10313
CYCU,20250717 08:00:13.340000,0,0.35,624,0.36,74,REGULAR,REGULAR,NQEX,10313
CYCU,20250717 08:00:15.044000,0,0.35,624,0.36,74,REGULAR,REGULAR,NQEX,10313
CYCU,20250717 08:00:15.844000,0,0.35,624,0.36,74,REGULAR,REGULAR,NQEX,10313
CYCU,20250717 08:00:16.411000,0,0.35,624,0.36,74,REGULAR,REGULAR,NQEX,10313
CYCU,20250717 08:00:17.788000,0,0.35,624,0.36,74,REGULAR,REGULAR,NQEX,10313
CYCU,20250717 08:00:17.857000,0,0.35,624,0.36,74,REGULAR,REGULAR,NQEX,10313
CYCU,20250717 08:00:18.585000,0,0.35,624,0.36,74,REGULAR,REGULAR,NQEX,10313
CYCU,20250717 08:00:18.872000,0,0.35,624,0.36,74,REGULAR,REGULAR,NQEX,10313
CYCU,20250717 08:00:19.140000,0,0.35,624,0.36,74,REGULAR,REGULAR,NQEX,10313
CYCU,20250717 08:00:19.884000,0,0.35,624,0.36,74,REGULAR,REGULAR,NQEX,10313
CYCU,20250717 08:00:20.117000,0,0.35,624,0.36,74,REGULAR,REGULAR,NQEX,10313
CYCU,20250717 08:00:20.227000,0,0.35,624,0.36,74,REGULAR,REGULAR,NQEX,10313
CYCU,20250717 08:00:20.553000,0,0.35,624,0.36,74,REGULAR,REGULAR,NQEX,10313
CYCU,20250717 08:00:21.133000,0,0.35,624,0.36,74,REGULAR,REGULAR,NQEX,10313
CYCU,20250717 08:00:40.950000,0,0.35,624,0.36,74,REGULAR,REGULAR,NQEX,10313
CYCU,20250717 08:02:15.829000,0,0.35,6,0.36,74,REGULAR,REGULAR,PACF,10313
CYCU,20250717 08:02:15.829000,0,0.35,6,0.36,74,REGULAR,REGULAR,PACF,10313
CYCU,20250717 08:02:15.829000,0,0.35,6,0.36,74,REGULAR,REGULAR,PACF,10313
CYCU,20250717 08:03:25.168000,0,0.35,624,0.36,74,REGULAR,REGULAR,NQEX,10313
CYCU,20250717 08:03:25.168000,0,0.35,624,0.36,74,REGULAR,REGULAR,NQEX,10313
CYCU,20250717 08:03:25.168000,0,0.35,624,0.36,74,REGULAR,REGULAR,NQEX,10313
CYCU,20250717 08:03:25.169000,0,0.35,624,0.36,74,REGULAR,REGULAR,NQEX,10313
CYCU,20250717 08:03:25.169000,0,0.35,624,0.36,74,REGULAR,REGULAR,NQEX,10313
CYCU,20250717 08:03:25.170000,0,0.35,624,0.36,74,REGULAR,REGULAR,NQEX,10313
CYCU,20250717 08:03:28.234000,0,0.35,624,0.36,74,REGULAR,REGULAR,NQEX,10313
CYCU,20250717 08:03:54.885000,0,0.35,624,0.36,74,REGULAR,REGULAR,NQEX,10313
CYCU,20250717 08:04:53.752000,0,0.35,624,0.36,74,REGULAR,REGULAR,NQEX,10313
CYCU,20250717 08:06:32.769000,0,0.35,624,0.36,60,REGULAR,REGULAR,NQEX,10241
CYCU,20250717 08:06:53.994000,0,0.35,624,0.36,60,REGULAR,REGULAR,NQEX,10241
CYCU,20250717 08:07:02.319000,0,0.35,624,0.36,60,REGULAR,REGULAR,NQEX,10241
CYCU,20250717 08:07:28.430000,0,0.35,28,0.36,60,REGULAR,REGULAR,PACF,10241
CYCU,20250717 08:07:28.432000,0,0.35,624,0.36,60,REGULAR,REGULAR,NQEX,10241
CYCU,20250717 08:07:28.434000,0,0.35,570,0.36,60,REGULAR,REGULAR,NQEX,10241
CYCU,20250717 08:07:28.435000,0,0.35,570,0.36,60,REGULAR,REGULAR,NQEX,10241
CYCU,20250717 08:07:28.435000,0,0.35,570,0.36,60,REGULAR,REGULAR,NQEX,10241
CYCU,20250717 08:08:28.123000,0,0.35,570,0.36,60,REGULAR,REGULAR,NQEX,10241
CYCU,20250717 08:09:07.865000,0,0.35,570,0.36,60,REGULAR,REGULAR,NQEX,10241
CYCU,20250717 08:09:15.531000,0,0.35,570,0.36,60,REGULAR,REGULAR,NQEX,10241
CYCU,20250717 08:11:21.737000,0,0.35,570,0.36,60,REGULAR,REGULAR,NQEX,10241
CYCU,20250717 08:11:25.324000,0,0.35,570,0.36,60,REGULAR,REGULAR,NQEX,10241
CYCU,20250717 08:11:25.327000,0,0.35,562,0.36,60,REGULAR,REGULAR,NQEX,10241
CYCU,20250717 08:15:33.840000,0,0.35,562,0.36,60,REGULAR,REGULAR,NQEX,10241
CYCU,20250717 08:19:15.912000,0,0.35,562,0.36,60,REGULAR,REGULAR,NQEX,10241
CYCU,20250717 08:19:27.045000,0,0.35,562,0.36,60,REGULAR,REGULAR,NQEX,10241
CYCU,20250717 08:21:00.214000,0,0.35,562,0.36,60,REGULAR,REGULAR,NQEX,10241
CYCU,20250717 08:21:45.626000,0,0.35,202,0.36,60,REGULAR,REGULAR,NQEX,10241
CYCU,20250717 08:21:45.626000,0,0.35,202,0.36,60,REGULAR,REGULAR,NQEX,10241
CYCU,20250717 08:21:45.626000,0,0.35,202,0.36,60,REGULAR,REGULAR,NQEX,10241
CYCU,20250717 08:23:35.585000,0,0.35,202,0.36,60,REGULAR,REGULAR,NQEX,10241
CYCU,20250717 08:23:47.211000,0,0.35,116,0.36,60,REGULAR,REGULAR,NQEX,10241
CYCU,20250717 08:23:47.212000,0,0.35,93,0.36,60,REGULAR,REGULAR,NQEX,10241
CYCU,20250717 08:25:41.312000,0,0.35,1,0.36,60,REGULAR,REGULAR,PACF,10241
CYCU,20250717 08:27:22.724000,0,0.35,1,0.36,60,REGULAR,REGULAR,PACF,10241
CYCU,20250717 08:28:35.345000,0,0.35,1,0.36,60,REGULAR,REGULAR,PACF,10241
CYCU,20250717 08:28:38.712000,0,0.35,67,0.36,60,REGULAR,REGULAR,MEMX,10241
CYCU,20250717 08:28:38.714000,0,0.35,66,0.36,60,REGULAR,REGULAR,MEMX,10241
CYCU,20250717 08:29:09.088000,0,0.35,66,0.36,60,REGULAR,REGULAR,MEMX,10241
CYCU,20250717 08:30:11.833000,0,0.35,66,0.36,60,REGULAR,REGULAR,MEMX,10241
CYCU,20250717 08:30:18.038000,0,0.35,66,0.36,60,REGULAR,REGULAR,MEMX,10241
CYCU,20250717 08:31:01.950000,0,0.35,66,0.36,60,REGULAR,REGULAR,MEMX,10241
CYCU,20250717 08:31:01.956000,0,0.35,66,0.36,60,REGULAR,REGULAR,MEMX,10241
CYCU,20250717 08:31:03.749000,0,0.35,66,0.36,60,REGULAR,REGULAR,MEMX,10241
CYCU,20250717 08:31:19.099000,0,0.35,66,0.36,60,REGULAR,REGULAR,MEMX,10241
CYCU,20250717 08:32:31.236000,0,0.35,66,0.36,60,REGULAR,REGULAR,MEMX,10241
CYCU,20250717 08:33:19.658000,0,0.35,62,0.36,60,REGULAR,REGULAR,MEMX,10241
CYCU,20250717 08:34:43.003000,0,0.35,62,0.36,60,REGULAR,REGULAR,MEMX,10241
CYCU,20250717 08:35:39.514000,0,0.36,46,0.36,110,REGULAR,REGULAR,MEMX,10247
CYCU,20250717 08:35:39.514000,0,0.36,46,0.36,110,REGULAR,REGULAR,MEMX,10247
CYCU,20250717 08:35:39.514000,0,0.36,46,0.36,110,REGULAR,REGULAR,MEMX,10247
CYCU,20250717 08:35:39.514000,0,0.36,46,0.36,110,REGULAR,REGULAR,MEMX,10247
CYCU,20250717 08:35:39.514000,0,0.36,46,0.36,110,REGULAR,REGULAR,MEMX,10247
CYCU,20250717 08:35:39.514000,0,0.36,46,0.36,110,REGULAR,REGULAR,MEMX,10247
CYCU,20250717 08:35:39.514000,0,0.36,46,0.36,110,REGULAR,REGULAR,MEMX,10247
CYCU,20250717 08:35:39.514000,0,0.36,46,0.36,110,REGULAR,REGULAR,MEMX,10247
CYCU,20250717 08:35:39.514000,0,0.36,46,0.36,110,REGULAR,REGULAR,MEMX,10247
CYCU,20250717 08:37:00.161000,0,0.36,108,0.36,110,REGULAR,REGULAR,MEMX,10247
CYCU,20250717 08:37:08.404000,0,0.36,108,0.36,110,REGULAR,REGULAR,MEMX,10247
CYCU,20250717 08:37:15.308000,0,0.35,1,0.36,14,REGULAR,REGULAR,PACF,10247
CYCU,20250717 08:37:15.308000,0,0.35,1,0.36,14,REGULAR,REGULAR,PACF,10247
CYCU,20250717 08:37:15.308000,0,0.35,1,0.36,14,REGULAR,REGULAR,PACF,10247
CYCU,20250717 08:37:15.308000,0,0.35,1,0.36,14,REGULAR,REGULAR,PACF,10247
CYCU,20250717 08:37:15.308000,0,0.35,1,0.36,14,REGULAR,REGULAR,PACF,10247
CYCU,20250717 08:39:43.643000,0,0.35,1,0.36,35,REGULAR,REGULAR,PACF,10247
CYCU,20250717 08:39:44.423000,0,0.35,1,0.36,35,REGULAR,REGULAR,PACF,10247
CYCU,20250717 08:41:14.450000,0,0.35,1,0.36,25,REGULAR,REGULAR,PACF,10241
CYCU,20250717 08:42:02.881000,0,0.36,9,0.36,25,REGULAR,REGULAR,PACF,10241
CYCU,20250717 08:42:02.882000,0,0.36,7,0.36,25,REGULAR,REGULAR,PACF,10241
CYCU,20250717 08:42:02.882000,0,0.36,7,0.36,25,REGULAR,REGULAR,PACF,10241
CYCU,20250717 08:42:08.853000,0,0.36,7,0.36,25,REGULAR,REGULAR,PACF,10241
CYCU,20250717 08:42:27.794000,0,0.35,1,0.36,3,REGULAR,REGULAR,PACF,10247
CYCU,20250717 08:43:54.852000,0,0.35,1,0.36,35,REGULAR,REGULAR,PACF,10247
CYCU,20250717 08:44:04.724000,0,0.35,1,0.36,250,REGULAR,REGULAR,PACF,10305
CYCU,20250717 08:44:14.204000,0,0.35,1,0.36,250,REGULAR,REGULAR,PACF,10305
CYCU,20250717 08:44:50.548000,0,0.35,1,0.36,35,REGULAR,REGULAR,PACF,10247
CYCU,20250717 08:47:49.487000,0,0.35,20,0.36,23,REGULAR,REGULAR,MEMX,10313
CYCU,20250717 08:47:49.487000,0,0.35,20,0.36,23,REGULAR,REGULAR,MEMX,10313
CYCU,20250717 08:49:37.513000,0,0.36,174,0.36,35,REGULAR,REGULAR,EDGX,10247
CYCU,20250717 08:49:37.513000,0,0.36,174,0.36,35,REGULAR,REGULAR,EDGX,10247
CYCU,20250717 08:49:54.113000,0,0.35,20,0.36,35,REGULAR,REGULAR,MEMX,10247
CYCU,20250717 08:52:28.767000,0,0.35,20,0.36,35,REGULAR,REGULAR,MEMX,10247
CYCU,20250717 08:52:44.445000,0,0.35,20,0.36,25,REGULAR,REGULAR,MEMX,10247
CYCU,20250717 08:53:54.360000,0,0.36,50,0.36,110,REGULAR,REGULAR,NQEX,10247
CYCU,20250717 08:53:54.360000,0,0.36,50,0.36,110,REGULAR,REGULAR,NQEX,10247
CYCU,20250717 08:53:54.360000,0,0.36,50,0.36,110,REGULAR,REGULAR,NQEX,10247
CYCU,20250717 08:53:54.360000,0,0.36,50,0.36,110,REGULAR,REGULAR,NQEX,10247
CYCU,20250717 08:54:03.843000,0,0.36,50,0.36,10,REGULAR,REGULAR,NQEX,10247
CYCU,20250717 08:54:03.843000,0,0.36,50,0.36,10,REGULAR,REGULAR,NQEX,10247
CYCU,20250717 08:54:03.843000,0,0.36,50,0.36,10,REGULAR,REGULAR,NQEX,10247
CYCU,20250717 08:55:35.840000,0,0.36,50,0.36,24,REGULAR,REGULAR,NQEX,10305
CYCU,20250717 08:55:35.840000,0,0.36,50,0.36,24,REGULAR,REGULAR,NQEX,10305
CYCU,20250717 08:55:35.840000,0,0.36,50,0.36,24,REGULAR,REGULAR,NQEX,10305
CYCU,20250717 08:55:35.840000,0,0.36,50,0.36,24,REGULAR,REGULAR,NQEX,10305
CYCU,20250717 08:55:35.842000,0,0.36,50,0.36,24,REGULAR,REGULAR,NQEX,10313
CYCU,20250717 08:55:35.843000,0,0.36,5,0.36,14,REGULAR,REGULAR,PACF,10241
CYCU,20250717 08:55:35.843000,0,0.36,5,0.36,14,REGULAR,REGULAR,PACF,10241
CYCU,20250717 08:55:35.843000,0,0.36,5,0.36,14,REGULAR,REGULAR,PACF,10241
CYCU,20250717 08:55:35.843000,0,0.36,5,0.36,14,REGULAR,REGULAR,PACF,10241
CYCU,20250717 08:55:35.844000,0,0.36,40,0.37,86,REGULAR,REGULAR,EDGX,10241
CYCU,20250717 08:55:35.844000,0,0.36,40,0.37,86,REGULAR,REGULAR,EDGX,10241
CYCU,20250717 08:55:35.844000,0,0.36,40,0.37,86,REGULAR,REGULAR,EDGX,10241
CYCU,20250717 08:55:35.844000,0,0.36,40,0.37,86,REGULAR,REGULAR,EDGX,10241
CYCU,20250717 08:55:35.846000,0,0.36,2,0.36,1,REGULAR,REGULAR,PACF,10241
CYCU,20250717 08:55:35.846000,0,0.36,2,0.36,1,REGULAR,REGULAR,PACF,10241
CYCU,20250717 08:55:35.847000,0,0.36,2,0.36,3,REGULAR,REGULAR,PACF,10305
CYCU,20250717 08:55:35.858000,0,0.36,2,0.36,24,REGULAR,REGULAR,PACF,10305
CYCU,20250717 08:55:35.858000,0,0.36,2,0.36,24,REGULAR,REGULAR,PACF,10305
CYCU,20250717 08:55:44.298000,0,0.36,50,0.37,86,REGULAR,REGULAR,NQEX,10241
CYCU,20250717 08:55:44.299000,0,0.36,2,0.37,86,REGULAR,REGULAR,PACF,10241
CYCU,20250717 08:55:44.299000,0,0.36,2,0.37,86,REGULAR,REGULAR,PACF,10241
CYCU,20250717 08:56:00.949000,0,0.36,75,0.37,86,REGULAR,REGULAR,EDGX,10241
CYCU,20250717 08:56:13.842000,0,0.36,75,0.37,86,REGULAR,REGULAR,EDGX,10241
CYCU,20250717 08:56:51.418000,0,0.36,75,0.37,86,REGULAR,REGULAR,EDGX,10241
CYCU,20250717 08:59:17.654000,0,0.36,2,0.36,73,REGULAR,REGULAR,PACF,10247
CYCU,20250717 09:00:01.409000,0,0.36,7,0.36,25,REGULAR,REGULAR,PACF,10305
CYCU,20250717 09:00:07.985000,0,0.36,2,0.36,25,REGULAR,REGULAR,PACF,10305
CYCU,20250717 09:00:27.756000,0,0.36,50,0.36,7,REGULAR,REGULAR,NQEX,10305
CYCU,20250717 09:00:27.756000,0,0.36,50,0.36,7,REGULAR,REGULAR,NQEX,10305
CYCU,20250717 09:00:57.359000,0,0.36,50,0.36,5,REGULAR,REGULAR,NQEX,10313
CYCU,20250717 09:02:03.565000,0,0.36,50,0.36,10,REGULAR,REGULAR,NQEX,10305
CYCU,20250717 09:03:00.438000,0,0.36,50,0.36,10,REGULAR,REGULAR,NQEX,10305
CYCU,20250717 09:03:50.059000,0,0.36,10,0.36,5,REGULAR,REGULAR,EDGX,10305
CYCU,20250717 09:04:23.279000,0,0.36,54,0.36,6,REGULAR,REGULAR,EDGX,10305
CYCU,20250717 09:04:36.445000,0,0.36,54,0.36,2,REGULAR,REGULAR,EDGX,10247
CYCU,20250717 09:05:36.430000,0,0.36,54,0.36,2,REGULAR,REGULAR,EDGX,10247
CYCU,20250717 09:05:55.727000,0,0.36,54,0.36,2,REGULAR,REGULAR,EDGX,10247
CYCU,20250717 09:05:55.727000,0,0.36,54,0.36,2,REGULAR,REGULAR,EDGX,10247
CYCU,20250717 09:05:55.729000,0,0.36,54,0.36,2,REGULAR,REGULAR,EDGX,10247
CYCU,20250717 09:06:07.909000,0,0.36,6,0.36,3,REGULAR,REGULAR,MEMX,10313
CYCU,20250717 09:06:53.652000,0,0.36,6,0.36,3,REGULAR,REGULAR,MEMX,10313
CYCU,20250717 09:06:54.438000,0,0.36,6,0.36,3,REGULAR,REGULAR,MEMX,10313
CYCU,20250717 09:07:29.103000,0,0.36,6,0.36,3,REGULAR,REGULAR,MEMX,10313
CYCU,20250717 09:08:06.363000,0,0.36,6,0.36,3,REGULAR,REGULAR,MEMX,10313
CYCU,20250717 09:08:14.945000,0,0.36,6,0.36,6,REGULAR,REGULAR,MEMX,10313
CYCU,20250717 09:08:53.815000,0,0.36,6,0.36,6,REGULAR,REGULAR,MEMX,10313
CYCU,20250717 09:08:59.883000,0,0.36,6,0.36,74,REGULAR,REGULAR,MEMX,10247
CYCU,20250717 09:09:36.392000,0,0.36,6,0.36,74,REGULAR,REGULAR,MEMX,10247
CYCU,20250717 09:10:00.564000,0,0.36,6,0.36,74,REGULAR,REGULAR,MEMX,10247
CYCU,20250717 09:10:05.755000,0,0.36,54,0.36,74,REGULAR,REGULAR,EDGX,10247
CYCU,20250717 09:10:05.756000,0,0.36,41,0.36,74,REGULAR,REGULAR,NQEX,10247
CYCU,20250717 09:10:05.756000,0,0.36,41,0.36,74,REGULAR,REGULAR,NQEX,10247
CYCU,20250717 09:10:26.550000,0,0.36,41,0.36,74,REGULAR,REGULAR,NQEX,10247
CYCU,20250717 09:10:26.552000,0,0.36,41,0.36,74,REGULAR,REGULAR,NQEX,10247
CYCU,20250717 09:10:26.552000,0,0.36,41,0.36,74,REGULAR,REGULAR,NQEX,10247
CYCU,20250717 09:11:14.172000,0,0.36,41,0.36,76,REGULAR,REGULAR,NQEX,10247
CYCU,20250717 09:14:22.355000,0,0.36,50,0.36,74,REGULAR,REGULAR,PACF,10247
CYCU,20250717 09:14:27.226000,0,0.36,50,0.36,74,REGULAR,REGULAR,PACF,10247
CYCU,20250717 09:14:33.777000,0,0.36,50,0.36,99,REGULAR,REGULAR,PACF,10247
CYCU,20250717 09:14:40.324000,0,0.36,50,0.36,99,REGULAR,REGULAR,PACF,10247
CYCU,20250717 09:14:53.736000,0,0.36,50,0.36,99,REGULAR,REGULAR,PACF,10247
CYCU,20250717 09:14:57.560000,0,0.36,50,0.36,99,REGULAR,REGULAR,PACF,10247
CYCU,20250717 09:15:01.473000,0,0.36,50,0.36,99,REGULAR,REGULAR,PACF,10247
CYCU,20250717 09:15:07.172000,0,0.36,50,0.36,99,REGULAR,REGULAR,PACF,10247
CYCU,20250717 09:15:13.874000,0,0.36,50,0.36,99,REGULAR,REGULAR,PACF,10247
CYCU,20250717 09:15:50.154000,0,0.36,50,0.36,99,REGULAR,REGULAR,PACF,10247
CYCU,20250717 09:18:32.171000,0,0.36,50,0.36,99,REGULAR,REGULAR,PACF,10247
CYCU,20250717 09:18:51.805000,0,0.36,50,0.36,99,REGULAR,REGULAR,PACF,10247
CYCU,20250717 09:18:55.729000,0,0.36,50,0.36,99,REGULAR,REGULAR,PACF,10247
CYCU,20250717 09:18:59.054000,0,0.36,50,0.36,99,REGULAR,REGULAR,PACF,10247
CYCU,20250717 09:19:07.754000,0,0.36,50,0.36,99,REGULAR,REGULAR,PACF,10247
CYCU,20250717 09:19:07.754000,0,0.36,50,0.36,99,REGULAR,REGULAR,PACF,10247
CYCU,20250717 09:19:27.209000,0,0.36,50,0.36,1,REGULAR,REGULAR,PACF,10247
CYCU,20250717 09:21:14.336000,0,0.36,50,0.36,53,REGULAR,REGULAR,PACF,10241
CYCU,20250717 09:21:14.339000,0,0.36,50,0.36,23,REGULAR,REGULAR,PACF,10241
CYCU,20250717 09:21:14.654000,0,0.36,50,0.36,17,REGULAR,REGULAR,PACF,10241
CYCU,20250717 09:22:14.851000,0,0.36,50,0.36,60,REGULAR,REGULAR,PACF,10241
CYCU,20250717 09:22:15.700000,0,0.36,50,0.36,57,REGULAR,REGULAR,PACF,10241
CYCU,20250717 09:22:19.896000,0,0.36,50,0.36,57,REGULAR,REGULAR,PACF,10241
CYCU,20250717 09:24:18.625000,0,0.36,50,0.36,55,REGULAR,REGULAR,PACF,10241
CYCU,20250717 09:25:00.076000,0,0.36,50,0.36,59,REGULAR,REGULAR,PACF,10241
CYCU,20250717 09:25:00.076000,0,0.36,50,0.36,59,REGULAR,REGULAR,PACF,10241
CYCU,20250717 09:25:00.077000,0,0.35,15,0.36,55,REGULAR,REGULAR,MEMX,10241
CYCU,20250717 09:25:00.077000,0,0.35,15,0.36,55,REGULAR,REGULAR,MEMX,10241
CYCU,20250717 09:25:00.077000,0,0.35,15,0.36,55,REGULAR,REGULAR,MEMX,10241
CYCU,20250717 09:25:00.077000,0,0.35,15,0.36,55,REGULAR,REGULAR,MEMX,10241
CYCU,20250717 09:25:00.077000,0,0.35,15,0.36,55,REGULAR,REGULAR,MEMX,10241
CYCU,20250717 09:25:00.077000,0,0.35,15,0.36,55,REGULAR,REGULAR,MEMX,10241
CYCU,20250717 09:25:00.077000,0,0.35,15,0.36,55,REGULAR,REGULAR,MEMX,10241
CYCU,20250717 09:25:00.077000,0,0.35,15,0.36,55,REGULAR,REGULAR,MEMX,10241
CYCU,20250717 09:25:00.077000,0,0.35,15,0.36,55,REGULAR,REGULAR,MEMX,10241
CYCU,20250717 09:25:02.049000,0,0.35,15,0.36,55,REGULAR,REGULAR,MEMX,10241
CYCU,20250717 09:25:37.318000,0,0.35,15,0.36,55,REGULAR,REGULAR,MEMX,10247
CYCU,20250717 09:25:37.318000,0,0.35,15,0.36,55,REGULAR,REGULAR,MEMX,10247
CYCU,20250717 09:25:58.898000,0,0.35,15,0.36,55,REGULAR,REGULAR,MEMX,10247
CYCU,20250717 09:26:48.129000,0,0.35,15,0.36,55,REGULAR,REGULAR,MEMX,10247
CYCU,20250717 09:26:52.555000,0,0.35,15,0.36,55,REGULAR,REGULAR,MEMX,10247
CYCU,20250717 09:26:55.632000,0,0.35,15,0.36,55,REGULAR,REGULAR,MEMX,10247
CYCU,20250717 09:30:00.353000,0,0.35,14,0.36,364,REGULAR,REGULAR,NQEX,10241
CYCU,20250717 09:30:00.353000,0,0.35,14,0.36,364,REGULAR,REGULAR,NQEX,10241
CYCU,20250717 09:30:00.544000,0,0.35,14,0.36,382,REGULAR,REGULAR,NQEX,10241
CYCU,20250717 09:30:00.826000,0,0.35,14,0.36,382,REGULAR,REGULAR,NQEX,10241
CYCU,20250717 09:30:02.158000,0,0.35,19,0.36,382,REGULAR,REGULAR,NQEX,10241
CYCU,20250717 09:30:10.081000,0,0.35,18,0.35,8,REGULAR,REGULAR,NQEX,10241
CYCU,20250717 09:30:20.973000,0,0.35,22,0.35,8,REGULAR,REGULAR,PACF,10241
CYCU,20250717 09:30:33.914000,0,0.35,1,0.35,5,REGULAR,REGULAR,NQEX,10247
CYCU,20250717 09:30:33.914000,0,0.35,1,0.35,5,REGULAR,REGULAR,NQEX,10247
CYCU,20250717 09:30:33.914000,0,0.35,1,0.35,5,REGULAR,REGULAR,NQEX,10247
CYCU,20250717 09:30:33.914000,0,0.35,1,0.35,5,REGULAR,REGULAR,NQEX,10247
CYCU,20250717 09:30:33.914000,0,0.35,1,0.35,5,REGULAR,REGULAR,NQEX,10247
CYCU,20250717 09:30:33.914000,0,0.35,1,0.35,5,REGULAR,REGULAR,NQEX,10247
CYCU,20250717 09:30:33.914000,0,0.35,1,0.35,5,REGULAR,REGULAR,NQEX,10247
CYCU,20250717 09:30:33.915000,0,0.35,1,0.35,8,REGULAR,REGULAR,NQEX,10247
CYCU,20250717 09:30:33.915000,0,0.35,1,0.35,8,REGULAR,REGULAR,NQEX,10247
CYCU,20250717 09:30:34.549000,0,0.35,1,0.35,8,REGULAR,REGULAR,NQEX,10247
CYCU,20250717 09:30:34.550000,0,0.35,1,0.35,8,REGULAR,REGULAR,NQEX,10247
CYCU,20250717 09:30:34.554000,0,0.35,1,0.35,8,REGULAR,REGULAR,NQEX,10247
CYCU,20250717 09:30:34.556000,0,0.35,1,0.35,8,REGULAR,REGULAR,NQEX,10247
CYCU,20250717 09:30:34.559000,0,0.35,1,0.35,8,REGULAR,REGULAR,NQEX,10247
CYCU,20250717 09:30:34.560000,0,0.35,1,0.35,8,REGULAR,REGULAR,NQEX,10247
CYCU,20250717 09:30:34.563000,0,0.35,1,0.35,8,REGULAR,REGULAR,NQEX,10247
CYCU,20250717 09:30:34.565000,0,0.35,1,0.35,8,REGULAR,REGULAR,NQEX,10247
CYCU,20250717 09:30:34.568000,0,0.35,1,0.35,8,REGULAR,REGULAR,NQEX,10247
CYCU,20250717 09:30:34.569000,0,0.35,1,0.35,8,REGULAR,REGULAR,NQEX,10247
CYCU,20250717 09:30:34.572000,0,0.35,1,0.35,8,REGULAR,REGULAR,NQEX,10247
CYCU,20250717 09:30:34.573000,0,0.35,1,0.35,8,REGULAR,REGULAR,NQEX,10247
CYCU,20250717 09:30:38.028000,0,0.35,1,0.35,8,REGULAR,REGULAR,NQEX,10241
CYCU,20250717 09:30:41.241000,0,0.35,1,0.35,8,REGULAR,REGULAR,NQEX,10241
CYCU,20250717 09:30:42.957000,0,0.35,1,0.35,8,REGULAR,REGULAR,NQEX,10241
CYCU,20250717 09:30:44.270000,0,0.35,1,0.35,8,REGULAR,REGULAR,NQEX,10241
CYCU,20250717 09:30:47.335000,0,0.35,1,0.35,8,REGULAR,REGULAR,NQEX,10241
CYCU,20250717 09:30:50.436000,0,0.35,7,0.35,8,REGULAR,REGULAR,NQEX,10241
CYCU,20250717 09:30:54.626000,0,0.35,7,0.35,8,REGULAR,REGULAR,NQEX,10241
CYCU,20250717 09:30:58.882000,0,0.35,7,0.35,8,REGULAR,REGULAR,NQEX,10241
CYCU,20250717 09:31:03.202000,0,0.35,4,0.35,8,REGULAR,REGULAR,NQEX,10241
CYCU,20250717 09:31:07.588000,0,0.35,4,0.35,8,REGULAR,REGULAR,NQEX,10241
CYCU,20250717 09:31:09.355000,0,0.35,4,0.35,8,REGULAR,REGULAR,NQEX,10241
CYCU,20250717 09:31:12.720000,0,0.35,4,0.35,8,REGULAR,REGULAR,NQEX,10241
CYCU,20250717 09:31:17.824000,0,0.35,4,0.35,8,REGULAR,REGULAR,NQEX,10241
CYCU,20250717 09:31:22.944000,0,0.35,4,0.35,8,REGULAR,REGULAR,NQEX,10241
CYCU,20250717 09:31:28.145000,0,0.35,4,0.35,8,REGULAR,REGULAR,NQEX,10241
CYCU,20250717 09:31:32.413000,0,0.35,4,0.35,8,REGULAR,REGULAR,NQEX,10241
CYCU,20250717 09:31:43.482000,0,0.35,4,0.35,8,REGULAR,REGULAR,NQEX,10241
CYCU,20250717 09:32:02.974000,0,0.35,4,0.35,8,REGULAR,REGULAR,NQEX,10241
CYCU,20250717 09:32:10.552000,0,0.35,4,0.35,8,REGULAR,REGULAR,NQEX,10241
CYCU,20250717 09:32:13.084000,0,0.35,4,0.35,8,REGULAR,REGULAR,NQEX,10241
CYCU,20250717 09:32:16.689000,0,0.35,25,0.35,1,REGULAR,REGULAR,NQEX,10247
CYCU,20250717 09:32:16.689000,0,0.35,25,0.35,1,REGULAR,REGULAR,NQEX,10247
CYCU,20250717 09:32:16.689000,0,0.35,25,0.35,1,REGULAR,REGULAR,NQEX,10247
CYCU,20250717 09:32:16.689000,0,0.35,25,0.35,1,REGULAR,REGULAR,NQEX,10247
CYCU,20250717 09:32:16.689000,0,0.35,25,0.35,1,REGULAR,REGULAR,NQEX,10247
CYCU,20250717 09:32:19.546000,0,0.35,25,0.35,4,REGULAR,REGULAR,NQEX,10247
CYCU,20250717 09:32:20.416000,0,0.35,25,0.35,2,REGULAR,REGULAR,NQEX,10241
CYCU,20250717 09:32:26.814000,0,0.35,25,0.35,3,REGULAR,REGULAR,NQEX,10247
CYCU,20250717 09:32:27.479000,0,0.35,25,0.35,3,REGULAR,REGULAR,NQEX,10247
CYCU,20250717 09:32:30.053000,0,0.35,25,0.35,3,REGULAR,REGULAR,NQEX,10247
CYCU,20250717 09:32:34.414000,0,0.35,25,0.35,3,REGULAR,REGULAR,NQEX,10247
CYCU,20250717 09:32:37.661000,0,0.35,25,0.35,3,REGULAR,REGULAR,NQEX,10247
CYCU,20250717 09:32:39.774000,0,0.35,25,0.35,3,REGULAR,REGULAR,NQEX,10247
CYCU,20250717 09:32:44.242000,0,0.35,25,0.35,3,REGULAR,REGULAR,NQEX,10247
CYCU,20250717 09:32:49.895000,0,0.35,25,0.35,3,REGULAR,REGULAR,NQEX,10247
CYCU,20250717 09:32:51.793000,0,0.35,25,0.35,3,REGULAR,REGULAR,NQEX,10247
CYCU,20250717 09:32:53.150000,0,0.35,25,0.35,3,REGULAR,REGULAR,NQEX,10247
CYCU,20250717 09:32:56.780000,0,0.35,25,0.35,3,REGULAR,REGULAR,NQEX,10247
CYCU,20250717 09:32:59.443000,0,0.35,25,0.35,3,REGULAR,REGULAR,NQEX,10247
CYCU,20250717 09:33:02.268000,0,0.35,25,0.35,3,REGULAR,REGULAR,NQEX,10247
CYCU,20250717 09:33:07.318000,0,0.35,25,0.35,3,REGULAR,REGULAR,NQEX,10247
CYCU,20250717 09:33:14.806000,0,0.35,25,0.35,7,REGULAR,REGULAR,NQEX,10247
CYCU,20250717 09:33:14.816000,0,0.35,25,0.35,7,REGULAR,REGULAR,NQEX,10247
CYCU,20250717 09:33:14.816000,0,0.35,25,0.35,7,REGULAR,REGULAR,NQEX,10247
CYCU,20250717 09:33:14.817000,0,0.35,25,0.35,2,REGULAR,REGULAR,NQEX,10247
CYCU,20250717 09:33:14.817000,0,0.35,25,0.35,2,REGULAR,REGULAR,NQEX,10247
CYCU,20250717 09:33:14.818000,0,0.35,25,0.35,2,REGULAR,REGULAR,NQEX,10241
CYCU,20250717 09:33:14.818000,0,0.35,25,0.35,2,REGULAR,REGULAR,NQEX,10241
CYCU,20250717 09:33:14.820000,0,0.35,25,0.35,2,REGULAR,REGULAR,NQEX,10241
CYCU,20250717 09:33:14.820000,0,0.35,25,0.35,2,REGULAR,REGULAR,NQEX,10241
CYCU,20250717 09:33:16.825000,0,0.35,25,0.35,3,REGULAR,REGULAR,NQEX,10247
CYCU,20250717 09:33:19.676000,0,0.35,25,0.35,3,REGULAR,REGULAR,NQEX,10247
CYCU,20250717 09:33:23.873000,0,0.35,25,0.35,3,REGULAR,REGULAR,NQEX,10247
CYCU,20250717 09:33:27.045000,0,0.35,25,0.35,3,REGULAR,REGULAR,NQEX,10247
CYCU,20250717 09:33:35.931000,0,0.35,25,0.35,12,REGULAR,REGULAR,NQEX,10241
CYCU,20250717 09:33:36.695000,0,0.35,25,0.35,12,REGULAR,REGULAR,NQEX,10241
CYCU,20250717 09:33:50.900000,0,0.35,15,0.35,12,REGULAR,REGULAR,PACF,10241
CYCU,20250717 09:33:50.901000,0,0.35,1,0.35,1,REGULAR,REGULAR,MEMX,10247
CYCU,20250717 09:33:50.901000,0,0.35,1,0.35,1,REGULAR,REGULAR,MEMX,10247
CYCU,20250717 09:33:50.901000,0,0.35,1,0.35,1,REGULAR,REGULAR,MEMX,10247
CYCU,20250717 09:33:50.901000,0,0.35,1,0.35,1,REGULAR,REGULAR,MEMX,10247
CYCU,20250717 09:34:07.750000,0,0.35,10,0.35,12,REGULAR,REGULAR,NQEX,10241
CYCU,20250717 09:34:07.752000,0,0.35,10,0.35,12,REGULAR,REGULAR,NQEX,10241
CYCU,20250717 09:34:24.779000,0,0.35,10,0.35,13,REGULAR,REGULAR,NQEX,10247
CYCU,20250717 09:34:26.393000,0,0.35,10,0.35,14,REGULAR,REGULAR,NQEX,10247
CYCU,20250717 09:34:26.395000,0,0.35,10,0.35,14,REGULAR,REGULAR,NQEX,10247
CYCU,20250717 09:34:27.383000,0,0.35,10,0.35,12,REGULAR,REGULAR,NQEX,10241
CYCU,20250717 09:34:33.671000,0,0.35,10,0.35,12,REGULAR,REGULAR,NQEX,10241
CYCU,20250717 09:34:34.594000,0,0.35,2,0.35,12,REGULAR,REGULAR,PACF,10241
CYCU,20250717 09:34:34.595000,0,0.35,1,0.35,3,REGULAR,REGULAR,PACF,10247
CYCU,20250717 09:34:49.954000,0,0.35,1,0.35,12,REGULAR,REGULAR,PACF,10241
CYCU,20250717 09:35:04.906000,0,0.35,5,0.35,17,REGULAR,REGULAR,PACF,10313
CYCU,20250717 09:35:12.845000,0,0.35,5,0.35,12,REGULAR,REGULAR,PACF,10241
CYCU,20250717 09:35:29.784000,0,0.35,2,0.35,12,REGULAR,REGULAR,PACF,10241
CYCU,20250717 09:35:29.784000,0,0.35,2,0.35,12,REGULAR,REGULAR,PACF,10241
CYCU,20250717 09:35:29.784000,0,0.35,2,0.35,12,REGULAR,REGULAR,PACF,10241
CYCU,20250717 09:35:29.784000,0,0.35,2,0.35,12,REGULAR,REGULAR,PACF,10241
CYCU,20250717 09:35:31.550000,0,0.35,2,0.35,1,REGULAR,REGULAR,PACF,10241
CYCU,20250717 09:35:33.265000,0,0.35,2,0.35,9,REGULAR,REGULAR,PACF,10313
CYCU,20250717 09:35:51.830000,0,0.35,3,0.35,9,REGULAR,REGULAR,BATS,10313
CYCU,20250717 09:35:56.427000,0,0.35,3,0.35,10,REGULAR,REGULAR,BATS,10313
CYCU,20250717 09:36:01.012000,0,0.35,3,0.35,11,REGULAR,REGULAR,BATS,10313
CYCU,20250717 09:36:01.605000,0,0.35,3,0.35,11,REGULAR,REGULAR,BATS,10313
CYCU,20250717 09:36:01.605000,0,0.35,3,0.35,11,REGULAR,REGULAR,BATS,10313
CYCU,20250717 09:36:01.606000,0,0.35,2,0.35,11,REGULAR,REGULAR,BATS,10313
CYCU,20250717 09:36:01.606000,0,0.35,2,0.35,11,REGULAR,REGULAR,BATS,10313
CYCU,20250717 09:36:01.606000,0,0.35,2,0.35,11,REGULAR,REGULAR,BATS,10313
CYCU,20250717 09:36:01.606000,0,0.35,2,0.35,11,REGULAR,REGULAR,BATS,10313
CYCU,20250717 09:36:01.606000,0,0.35,2,0.35,11,REGULAR,REGULAR,BATS,10313
CYCU,20250717 09:36:01.606000,0,0.35,2,0.35,11,REGULAR,REGULAR,BATS,10313
CYCU,20250717 09:36:01.606000,0,0.35,2,0.35,11,REGULAR,REGULAR,BATS,10313
CYCU,20250717 09:36:05.626000,0,0.35,2,0.35,14,REGULAR,REGULAR,BATS,10313
CYCU,20250717 09:36:14.835000,0,0.35,2,0.35,13,REGULAR,REGULAR,BATS,10313
CYCU,20250717 09:36:14.835000,0,0.35,2,0.35,13,REGULAR,REGULAR,BATS,10313
CYCU,20250717 09:36:14.835000,0,0.35,2,0.35,13,REGULAR,REGULAR,BATS,10313
CYCU,20250717 09:36:14.836000,0,0.35,1,0.35,13,REGULAR,REGULAR,NQEX,10313
CYCU,20250717 09:36:14.836000,0,0.35,1,0.35,13,REGULAR,REGULAR,NQEX,10313
CYCU,20250717 09:36:15.053000,0,0.35,1,0.35,14,REGULAR,REGULAR,NQEX,10313
CYCU,20250717 09:36:15.053000,0,0.35,1,0.35,14,REGULAR,REGULAR,NQEX,10313
CYCU,20250717 09:36:19.122000,0,0.35,1,0.35,7,REGULAR,REGULAR,NQEX,10313
CYCU,20250717 09:36:19.126000,0,0.35,1,0.35,2,REGULAR,REGULAR,NQEX,10313
CYCU,20250717 09:36:20.471000,0,0.35,1,0.35,6,REGULAR,REGULAR,NQEX,10313
CYCU,20250717 09:36:28.785000,0,0.35,1,0.35,8,REGULAR,REGULAR,NQEX,10313
CYCU,20250717 09:36:31.605000,0,0.35,3,0.35,7,REGULAR,REGULAR,PACF,10313
CYCU,20250717 09:36:41.454000,0,0.35,3,0.36,90,REGULAR,REGULAR,PACF,10247
CYCU,20250717 09:36:41.454000,0,0.35,3,0.36,90,REGULAR,REGULAR,PACF,10247
CYCU,20250717 09:36:41.454000,0,0.35,3,0.36,90,REGULAR,REGULAR,PACF,10247
CYCU,20250717 09:36:41.454000,0,0.35,3,0.36,90,REGULAR,REGULAR,PACF,10247
CYCU,20250717 09:36:54.349000,0,0.35,4,0.35,12,REGULAR,REGULAR,PACF,10241
CYCU,20250717 09:37:04.509000,0,0.35,1,0.35,12,REGULAR,REGULAR,PACF,10241
CYCU,20250717 09:37:04.538000,0,0.35,1,0.35,8,REGULAR,REGULAR,PACF,10247
CYCU,20250717 09:37:25.228000,0,0.35,1,0.35,9,REGULAR,REGULAR,PACF,10241
CYCU,20250717 09:37:50.970000,0,0.35,1,0.35,9,REGULAR,REGULAR,PACF,10241
CYCU,20250717 09:37:50.977000,0,0.35,1,0.35,9,REGULAR,REGULAR,PACF,10241
CYCU,20250717 09:37:58.868000,0,0.35,1,0.35,9,REGULAR,REGULAR,PACF,10241
CYCU,20250717 09:38:04.488000,0,0.35,1,0.35,9,REGULAR,REGULAR,PACF,10241
CYCU,20250717 09:38:17.049000,0,0.35,1,0.35,10,REGULAR,REGULAR,PACF,10241
CYCU,20250717 09:38:51.139000,0,0.35,1,0.35,2,REGULAR,REGULAR,PACF,10313
CYCU,20250717 09:39:15.765000,0,0.35,1,0.35,2,REGULAR,REGULAR,PACF,10313
CYCU,20250717 09:39:20.050000,0,0.35,4,0.35,10,REGULAR,REGULAR,PACF,10241
CYCU,20250717 09:39:24.129000,0,0.35,5,0.35,2,REGULAR,REGULAR,PACF,10241
CYCU,20250717 09:39:24.252000,0,0.35,4,0.35,2,REGULAR,REGULAR,PACF,10313
CYCU,20250717 09:39:28.815000,0,0.35,5,0.35,8,REGULAR,REGULAR,PACF,10241
CYCU,20250717 09:39:31.608000,0,0.35,5,0.35,6,REGULAR,REGULAR,PACF,10313
CYCU,20250717 09:39:31.699000,0,0.35,5,0.35,5,REGULAR,REGULAR,PACF,10241
CYCU,20250717 09:39:36.123000,0,0.35,11,0.35,5,REGULAR,REGULAR,PACF,10241
CYCU,20250717 09:39:40.267000,0,0.35,11,0.35,5,REGULAR,REGULAR,PACF,10241
CYCU,20250717 09:39:41.758000,0,0.35,11,0.35,5,REGULAR,REGULAR,PACF,10241
CYCU,20250717 09:39:46.365000,0,0.35,11,0.35,5,REGULAR,REGULAR,PACF,10241
CYCU,20250717 09:39:50.767000,0,0.35,11,0.35,5,REGULAR,REGULAR,PACF,10241
CYCU,20250717 09:39:54.636000,0,0.35,11,0.35,5,REGULAR,REGULAR,PACF,10241
CYCU,20250717 09:40:04.736000,0,0.35,1,0.35,7,REGULAR,REGULAR,PACF,10313
CYCU,20250717 09:40:05.724000,0,0.35,1,0.35,7,REGULAR,REGULAR,PACF,10313
CYCU,20250717 09:40:05.726000,0,0.35,1,0.35,7,REGULAR,REGULAR,PACF,10313
CYCU,20250717 09:40:06.899000,0,0.35,11,0.35,10,REGULAR,REGULAR,PACF,10313
CYCU,20250717 09:40:10.047000,0,0.35,11,0.35,11,REGULAR,REGULAR,PACF,10313
CYCU,20250717 09:40:14.295000,0,0.35,11,0.35,10,REGULAR,REGULAR,PACF,10313
CYCU,20250717 09:40:15.598000,0,0.35,10,0.35,2,REGULAR,REGULAR,PACF,10313
CYCU,20250717 09:40:15.598000,0,0.35,10,0.35,2,REGULAR,REGULAR,PACF,10313
CYCU,20250717 09:40:16.870000,0,0.35,10,0.35,2,REGULAR,REGULAR,PACF,10313
CYCU,20250717 09:40:31.615000,0,0.35,9,0.35,9,REGULAR,REGULAR,PACF,10313
CYCU,20250717 09:40:50.905000,0,0.35,11,0.35,9,REGULAR,REGULAR,PACF,10313
CYCU,20250717 09:41:02.157000,0,0.35,10,0.35,7,REGULAR,REGULAR,PACF,10313
CYCU,20250717 09:41:03.555000,0,0.35,100,0.35,5,REGULAR,REGULAR,NQEX,10313
CYCU,20250717 09:41:03.725000,0,0.35,100,0.35,5,REGULAR,REGULAR,NQEX,10313
CYCU,20250717 09:41:06.871000,0,0.35,100,0.35,5,REGULAR,REGULAR,NQEX,10313
CYCU,20250717 09:41:06.872000,0,0.35,100,0.35,5,REGULAR,REGULAR,NQEX,10313
CYCU,20250717 09:41:06.872000,0,0.35,100,0.35,5,REGULAR,REGULAR,NQEX,10313
CYCU,20250717 09:41:08.340000,0,0.35,100,0.35,5,REGULAR,REGULAR,NQEX,10313
CYCU,20250717 09:41:10.253000,0,0.35,100,0.35,8,REGULAR,REGULAR,NQEX,10313
CYCU,20250717 09:41:17.408000,0,0.35,1,0.35,15,REGULAR,REGULAR,PACF,10313
CYCU,20250717 09:41:17.424000,0,0.35,9,0.35,5,REGULAR,REGULAR,PACF,10247
CYCU,20250717 09:41:17.440000,0,0.35,1,0.35,2,REGULAR,REGULAR,BOST,10241
CYCU,20250717 09:41:17.440000,0,0.35,1,0.35,2,REGULAR,REGULAR,BOST,10241
CYCU,20250717 09:41:17.440000,0,0.35,1,0.35,2,REGULAR,REGULAR,BOST,10241
CYCU,20250717 09:41:17.440000,0,0.35,1,0.35,2,REGULAR,REGULAR,BOST,10241
CYCU,20250717 09:41:17.453000,0,0.35,1,0.35,1,REGULAR,REGULAR,BOST,10241
CYCU,20250717 09:41:17.453000,0,0.35,1,0.35,1,REGULAR,REGULAR,BOST,10241
CYCU,20250717 09:41:17.453000,0,0.35,1,0.35,1,REGULAR,REGULAR,BOST,10241
CYCU,20250717 09:41:17.454000,0,0.35,10,0.35,1,REGULAR,REGULAR,PACF,10247
CYCU,20250717 09:41:17.454000,0,0.35,10,0.35,1,REGULAR,REGULAR,PACF,10247
CYCU,20250717 09:41:17.454000,0,0.35,10,0.35,1,REGULAR,REGULAR,PACF,10247
CYCU,20250717 09:41:17.454000,0,0.35,10,0.35,1,REGULAR,REGULAR,PACF,10247
CYCU,20250717 09:41:17.454000,0,0.35,10,0.35,1,REGULAR,REGULAR,PACF,10247
CYCU,20250717 09:41:17.454000,0,0.35,10,0.35,1,REGULAR,REGULAR,PACF,10247
CYCU,20250717 09:41:17.468000,0,0.35,10,0.35,1,REGULAR,REGULAR,PACF,10247
CYCU,20250717 09:41:17.470000,0,0.35,10,0.35,1,REGULAR,REGULAR,PACF,10247
CYCU,20250717 09:41:17.808000,0,0.35,10,0.35,13,REGULAR,REGULAR,PACF,10313
CYCU,20250717 09:41:19.143000,0,0.35,7,0.35,1,REGULAR,REGULAR,MEMX,10247
CYCU,20250717 09:41:19.395000,0,0.35,7,0.35,5,REGULAR,REGULAR,MEMX,10313
CYCU,20250717 09:41:21.187000,0,0.35,7,0.35,22,REGULAR,REGULAR,MEMX,10313
CYCU,20250717 09:41:22.276000,0,0.35,7,0.35,7,REGULAR,REGULAR,MEMX,10313
CYCU,20250717 09:41:23.260000,0,0.35,7,0.35,18,REGULAR,REGULAR,MEMX,10313
CYCU,20250717 09:41:26.413000,0,0.35,7,0.35,18,REGULAR,REGULAR,MEMX,10313
CYCU,20250717 09:41:29.786000,0,0.35,5,0.35,14,REGULAR,REGULAR,NQEX,10313
CYCU,20250717 09:41:31.612000,0,0.35,5,0.35,15,REGULAR,REGULAR,NQEX,10313
CYCU,20250717 09:41:31.763000,0,0.35,5,0.35,16,REGULAR,REGULAR,NQEX,10313
CYCU,20250717 09:41:38.222000,0,0.35,5,0.35,12,REGULAR,REGULAR,NQEX,10313
CYCU,20250717 09:41:41.365000,0,0.35,5,0.35,15,REGULAR,REGULAR,NQEX,10313
CYCU,20250717 09:41:42.712000,0,0.35,3,0.35,16,REGULAR,REGULAR,BATY,10313
CYCU,20250717 09:41:48.232000,0,0.35,3,0.35,10,REGULAR,REGULAR,BATY,10313
CYCU,20250717 09:41:48.233000,0,0.35,3,0.35,10,REGULAR,REGULAR,BATY,10313
CYCU,20250717 09:41:48.233000,0,0.35,3,0.35,10,REGULAR,REGULAR,BATY,10313
CYCU,20250717 09:41:48.233000,0,0.35,3,0.35,10,REGULAR,REGULAR,BATY,10313
CYCU,20250717 09:41:48.233000,0,0.35,3,0.35,10,REGULAR,REGULAR,BATY,10313
CYCU,20250717 09:41:48.233000,0,0.35,3,0.35,10,REGULAR,REGULAR,BATY,10313
CYCU,20250717 09:41:48.233000,0,0.35,3,0.35,10,REGULAR,REGULAR,BATY,10313
CYCU,20250717 09:41:48.233000,0,0.35,3,0.35,10,REGULAR,REGULAR,BATY,10313
CYCU,20250717 09:41:48.233000,0,0.35,3,0.35,10,REGULAR,REGULAR,BATY,10313
CYCU,20250717 09:41:48.233000,0,0.35,3,0.35,10,REGULAR,REGULAR,BATY,10313
CYCU,20250717 09:41:53.976000,0,0.35,3,0.35,15,REGULAR,REGULAR,BATY,10313
CYCU,20250717 09:41:58.730000,0,0.35,3,0.35,10,REGULAR,REGULAR,BATY,10313
CYCU,20250717 09:42:01.612000,0,0.35,3,0.35,11,REGULAR,REGULAR,BATY,10313
CYCU,20250717 09:42:03.091000,0,0.35,5,0.35,12,REGULAR,REGULAR,NQEX,10313
CYCU,20250717 09:42:04.114000,0,0.35,5,0.35,3,REGULAR,REGULAR,NQEX,10247
CYCU,20250717 09:42:05.266000,0,0.35,6,0.35,10,REGULAR,REGULAR,BATY,10313
CYCU,20250717 09:42:08.819000,0,0.35,6,0.35,16,REGULAR,REGULAR,BATY,10313
CYCU,20250717 09:42:14.152000,0,0.35,3,0.35,8,REGULAR,REGULAR,PACF,10313
CYCU,20250717 09:42:17.568000,0,0.35,3,0.35,5,REGULAR,REGULAR,PACF,10313
CYCU,20250717 09:42:19.591000,0,0.35,3,0.35,6,REGULAR,REGULAR,PACF,10313
CYCU,20250717 09:42:27.835000,0,0.35,3,0.35,1,REGULAR,REGULAR,PACF,10247
CYCU,20250717 09:42:27.835000,0,0.35,3,0.35,1,REGULAR,REGULAR,PACF,10247
CYCU,20250717 09:42:31.616000,0,0.35,2,0.35,8,REGULAR,REGULAR,PACF,10313
CYCU,20250717 09:42:39.369000,0,0.35,3,0.35,8,REGULAR,REGULAR,PACF,10313
CYCU,20250717 09:42:43.970000,0,0.35,3,0.35,15,REGULAR,REGULAR,PACF,10313
CYCU,20250717 09:42:49.702000,0,0.35,3,0.35,14,REGULAR,REGULAR,PACF,10313
CYCU,20250717 09:42:53.531000,0,0.35,3,0.35,14,REGULAR,REGULAR,PACF,10313
CYCU,20250717 09:42:54.313000,0,0.35,2,0.35,15,REGULAR,REGULAR,PACF,10313
CYCU,20250717 09:42:54.322000,0,0.35,10,0.35,2,REGULAR,REGULAR,PACF,10247
CYCU,20250717 09:42:54.325000,0,0.35,10,0.35,6,REGULAR,REGULAR,PACF,10313
CYCU,20250717 09:42:54.636000,0,0.35,10,0.35,1,REGULAR,REGULAR,PACF,10313
CYCU,20250717 09:42:55.927000,0,0.35,10,0.35,2,REGULAR,REGULAR,NQEX,10241
CYCU,20250717 09:42:57.151000,0,0.35,10,0.35,10,REGULAR,REGULAR,NQEX,10313
CYCU,20250717 09:42:57.424000,0,0.35,10,0.35,6,REGULAR,REGULAR,NQEX,10313
CYCU,20250717 09:43:00.817000,0,0.35,1,0.35,8,REGULAR,REGULAR,NQEX,10241
CYCU,20250717 09:43:01.616000,0,0.35,1,0.35,4,REGULAR,REGULAR,PACF,10241
CYCU,20250717 09:43:01.686000,0,0.35,1,0.35,3,REGULAR,REGULAR,PACF,10241
CYCU,20250717 09:43:02.394000,0,0.35,1,0.35,1,REGULAR,REGULAR,NQEX,10241
CYCU,20250717 09:43:02.932000,0,0.35,1,0.35,5,REGULAR,REGULAR,NQEX,10241
CYCU,20250717 09:43:03.108000,0,0.35,1,0.35,5,REGULAR,REGULAR,NQEX,10241
CYCU,20250717 09:43:03.134000,0,0.35,1,0.35,5,REGULAR,REGULAR,NQEX,10241
CYCU,20250717 09:43:03.780000,0,0.35,1,0.35,9,REGULAR,REGULAR,NQEX,10241
CYCU,20250717 09:43:07.600000,0,0.35,1,0.35,13,REGULAR,REGULAR,NQEX,10241
CYCU,20250717 09:43:08.108000,0,0.35,1,0.35,14,REGULAR,REGULAR,NQEX,10241
CYCU,20250717 09:43:08.109000,0,0.35,1,0.35,1,REGULAR,REGULAR,NQEX,10247
CYCU,20250717 09:43:08.383000,0,0.35,1,0.35,1,REGULAR,REGULAR,NQEX,10241
CYCU,20250717 09:43:08.930000,0,0.35,1,0.35,6,REGULAR,REGULAR,NQEX,10241
CYCU,20250717 09:43:12.667000,0,0.35,1,0.35,10,REGULAR,REGULAR,NQEX,10241
CYCU,20250717 09:43:14.720000,0,0.35,1,0.35,9,REGULAR,REGULAR,NQEX,10241
CYCU,20250717 09:43:16.699000,0,0.35,1,0.35,10,REGULAR,REGULAR,NQEX,10241
CYCU,20250717 09:43:17.235000,0,0.35,1,0.35,11,REGULAR,REGULAR,NQEX,10241
CYCU,20250717 09:43:19.750000,0,0.35,10,0.35,7,REGULAR,REGULAR,EDGX,10241
CYCU,20250717 09:43:21.771000,0,0.35,10,0.35,8,REGULAR,REGULAR,EDGX,10241
CYCU,20250717 09:43:21.772000,0,0.35,1,0.35,4,REGULAR,REGULAR,NQEX,10241
CYCU,20250717 09:43:24.023000,0,0.35,1,0.35,5,REGULAR,REGULAR,NQEX,10303
CYCU,20250717 09:43:25.404000,0,0.35,5,0.35,5,REGULAR,REGULAR,MEMX,10303
CYCU,20250717 09:43:25.412000,0,0.35,1,0.35,5,REGULAR,REGULAR,NQEX,10241
CYCU,20250717 09:43:25.517000,0,0.35,1,0.35,5,REGULAR,REGULAR,EDGX,10303
CYCU,20250717 09:43:27.634000,0,0.35,1,0.35,10,REGULAR,REGULAR,EDGX,10241
CYCU,20250717 09:43:28.472000,0,0.35,2,0.35,7,REGULAR,REGULAR,EDGX,10241
CYCU,20250717 09:43:30.011000,0,0.35,2,0.35,11,REGULAR,REGULAR,EDGX,10241
CYCU,20250717 09:43:30.542000,0,0.35,2,0.35,11,REGULAR,REGULAR,EDGX,10241
CYCU,20250717 09:43:31.616000,0,0.35,1,0.35,8,REGULAR,REGULAR,EDGX,10241
CYCU,20250717 09:43:31.616000,0,0.35,1,0.35,8,REGULAR,REGULAR,EDGX,10241
CYCU,20250717 09:43:31.616000,0,0.35,1,0.35,8,REGULAR,REGULAR,EDGX,10241
CYCU,20250717 09:43:32.213000,0,0.35,1,0.35,5,REGULAR,REGULAR,EDGX,10313
CYCU,20250717 09:43:32.228000,0,0.35,1,0.35,9,REGULAR,REGULAR,EDGX,10241
CYCU,20250717 09:43:32.228000,0,0.35,1,0.35,9,REGULAR,REGULAR,EDGX,10241
CYCU,20250717 09:43:32.357000,0,0.35,1,0.35,9,REGULAR,REGULAR,EDGX,10241
CYCU,20250717 09:43:38.463000,0,0.35,1,0.35,15,REGULAR,REGULAR,EDGX,10241
CYCU,20250717 09:43:39.097000,0,0.35,1,0.35,15,REGULAR,REGULAR,EDGX,10241
CYCU,20250717 09:43:39.114000,0,0.35,1,0.35,15,REGULAR,REGULAR,EDGX,10241
CYCU,20250717 09:43:43.553000,0,0.35,1,0.35,16,REGULAR,REGULAR,EDGX,10241
CYCU,20250717 09:43:46.106000,0,0.35,1,0.35,17,REGULAR,REGULAR,EDGX,10241
CYCU,20250717 09:43:47.345000,0,0.35,1,0.35,18,REGULAR,REGULAR,EDGX,10241
CYCU,20250717 09:43:47.789000,0,0.35,1,0.35,18,REGULAR,REGULAR,EDGX,10241
CYCU,20250717 09:43:48.615000,0,0.35,1,0.35,10,REGULAR,REGULAR,EDGX,10241
CYCU,20250717 09:43:51.185000,0,0.35,1,0.35,8,REGULAR,REGULAR,EDGX,10241
CYCU,20250717 09:43:51.298000,0,0.35,1,0.35,8,REGULAR,REGULAR,EDGX,10241
CYCU,20250717 09:43:57.723000,0,0.35,3,0.35,5,REGULAR,REGULAR,MEMX,10303
CYCU,20250717 09:43:57.723000,0,0.35,3,0.35,5,REGULAR,REGULAR,MEMX,10303
CYCU,20250717 09:43:58.620000,0,0.35,3,0.35,25,REGULAR,REGULAR,MEMX,10241
CYCU,20250717 09:43:59.792000,0,0.35,3,0.35,20,REGULAR,REGULAR,MEMX,10241
CYCU,20250717 09:43:59.793000,0,0.35,3,0.35,20,REGULAR,REGULAR,MEMX,10241
CYCU,20250717 09:43:59.949000,0,0.35,3,0.35,20,REGULAR,REGULAR,MEMX,10241
CYCU,20250717 09:44:01.613000,0,0.35,1,0.35,20,REGULAR,REGULAR,EDGX,10241
CYCU,20250717 09:44:01.614000,0,0.35,1,0.35,20,REGULAR,REGULAR,EDGX,10241
CYCU,20250717 09:44:02.021000,0,0.35,1,0.35,27,REGULAR,REGULAR,EDGX,10241
CYCU,20250717 09:44:03.109000,0,0.35,1,0.35,29,REGULAR,REGULAR,EDGX,10241
CYCU,20250717 09:44:03.110000,0,0.35,1,0.35,29,REGULAR,REGULAR,EDGX,10241
CYCU,20250717 09:44:03.726000,0,0.35,1,0.35,20,REGULAR,REGULAR,EDGX,10241
CYCU,20250717 09:44:04.283000,0,0.35,1,0.35,20,REGULAR,REGULAR,EDGX,10241
CYCU,20250717 09:44:05.423000,0,0.35,1,0.35,20,REGULAR,REGULAR,EDGX,10241
CYCU,20250717 09:44:06.568000,0,0.35,1,0.35,20,REGULAR,REGULAR,EDGX,10241
CYCU,20250717 09:44:07.148000,0,0.35,1,0.35,25,REGULAR,REGULAR,EDGX,10241
CYCU,20250717 09:44:07.203000,0,0.35,1,0.35,25,REGULAR,REGULAR,EDGX,10241
CYCU,20250717 09:44:07.489000,0,0.35,1,0.35,25,REGULAR,REGULAR,EDGX,10241
CYCU,20250717 09:44:07.718000,0,0.35,1,0.35,25,REGULAR,REGULAR,EDGX,10241
CYCU,20250717 09:44:08.664000,0,0.35,1,0.35,25,REGULAR,REGULAR,EDGX,10241
CYCU,20250717 09:44:09.954000,0,0.35,1,0.35,26,REGULAR,REGULAR,EDGX,10241
CYCU,20250717 09:44:10.720000,0,0.35,1,0.35,28,REGULAR,REGULAR,EDGX,10241
CYCU,20250717 09:44:11.042000,0,0.35,1,0.35,28,REGULAR,REGULAR,EDGX,10241
CYCU,20250717 09:44:13.481000,0,0.35,1,0.35,20,REGULAR,REGULAR,EDGX,10241
CYCU,20250717 09:44:14.066000,0,0.35,1,0.35,29,REGULAR,REGULAR,EDGX,10241
CYCU,20250717 09:44:14.698000,0,0.35,1,0.35,30,REGULAR,REGULAR,EDGX,10241
CYCU,20250717 09:44:15.794000,0,0.35,1,0.35,20,REGULAR,REGULAR,EDGX,10241
CYCU,20250717 09:44:16.830000,0,0.35,1,0.35,23,REGULAR,REGULAR,EDGX,10241
CYCU,20250717 09:44:20.568000,0,0.35,1,0.35,20,REGULAR,REGULAR,EDGX,10241
CYCU,20250717 09:44:23.000000,0,0.35,1,0.35,28,REGULAR,REGULAR,EDGX,10241
CYCU,20250717 09:44:23.260000,0,0.35,1,0.35,28,REGULAR,REGULAR,EDGX,10241
CYCU,20250717 09:44:26.232000,0,0.35,30,0.35,30,REGULAR,REGULAR,MEMX,10241
CYCU,20250717 09:44:26.329000,0,0.35,30,0.35,30,REGULAR,REGULAR,MEMX,10241
CYCU,20250717 09:44:26.337000,0,0.35,30,0.35,30,REGULAR,REGULAR,MEMX,10241
CYCU,20250717 09:44:26.339000,0,0.35,30,0.35,20,REGULAR,REGULAR,MEMX,10241
CYCU,20250717 09:44:26.339000,0,0.35,30,0.35,20,REGULAR,REGULAR,MEMX,10241
CYCU,20250717 09:44:26.339000,0,0.35,30,0.35,20,REGULAR,REGULAR,MEMX,10241
CYCU,20250717 09:44:26.340000,0,0.35,30,0.35,20,REGULAR,REGULAR,MEMX,10241
CYCU,20250717 09:44:26.340000,0,0.35,30,0.35,20,REGULAR,REGULAR,MEMX,10241
CYCU,20250717 09:44:26.340000,0,0.35,30,0.35,20,REGULAR,REGULAR,MEMX,10241
CYCU,20250717 09:44:26.340000,0,0.35,30,0.35,20,REGULAR,REGULAR,MEMX,10241
CYCU,20250717 09:44:26.341000,0,0.35,30,0.35,20,REGULAR,REGULAR,MEMX,10241
CYCU,20250717 09:44:26.341000,0,0.35,30,0.35,20,REGULAR,REGULAR,MEMX,10241
CYCU,20250717 09:44:26.341000,0,0.35,30,0.35,20,REGULAR,REGULAR,MEMX,10241
CYCU,20250717 09:44:26.341000,0,0.35,30,0.35,20,REGULAR,REGULAR,MEMX,10241
CYCU,20250717 09:44:26.342000,0,0.35,30,0.35,20,REGULAR,REGULAR,MEMX,10241
CYCU,20250717 09:44:26.342000,0,0.35,30,0.35,20,REGULAR,REGULAR,MEMX,10241
CYCU,20250717 09:44:26.342000,0,0.35,30,0.35,20,REGULAR,REGULAR,MEMX,10241
CYCU,20250717 09:44:28.959000,0,0.35,30,0.35,5,REGULAR,REGULAR,MEMX,10313
CYCU,20250717 09:44:29.904000,0,0.35,30,0.35,5,REGULAR,REGULAR,MEMX,10313
CYCU,20250717 09:44:31.615000,0,0.35,1,0.35,5,REGULAR,REGULAR,EDGX,10313
CYCU,20250717 09:44:31.615000,0,0.35,1,0.35,5,REGULAR,REGULAR,EDGX,10313
CYCU,20250717 09:44:32.935000,0,0.35,1,0.35,6,REGULAR,REGULAR,IEX,10305
CYCU,20250717 09:44:33.155000,0,0.35,1,0.35,6,REGULAR,REGULAR,IEX,10305
CYCU,20250717 09:44:33.913000,0,0.35,1,0.35,7,REGULAR,REGULAR,IEX,10305
CYCU,20250717 09:44:33.914000,0,0.35,1,0.35,7,REGULAR,REGULAR,IEX,10305
CYCU,20250717 09:44:36.248000,0,0.35,27,0.35,12,REGULAR,REGULAR,MIAX,10305
CYCU,20250717 09:44:42.328000,0,0.35,10,0.35,9,REGULAR,REGULAR,MIAX,10305
CYCU,20250717 09:44:42.335000,0,0.35,10,0.35,11,REGULAR,REGULAR,MIAX,10305
CYCU,20250717 09:44:42.650000,0,0.35,10,0.35,11,REGULAR,REGULAR,MIAX,10305
CYCU,20250717 09:44:46.111000,0,0.35,10,0.35,5,REGULAR,REGULAR,MIAX,10313
CYCU,20250717 09:44:50.000000,0,0.35,10,0.35,8,REGULAR,REGULAR,MIAX,10305
CYCU,20250717 09:44:52.284000,0,0.35,10,0.35,10,REGULAR,REGULAR,MIAX,10305
CYCU,20250717 09:44:52.291000,0,0.35,10,0.35,10,REGULAR,REGULAR,MIAX,10305
CYCU,20250717 09:44:54.391000,0,0.35,10,0.35,5,REGULAR,REGULAR,MIAX,10313
CYCU,20250717 09:44:54.415000,0,0.35,10,0.35,5,REGULAR,REGULAR,MIAX,10313
CYCU,20250717 09:44:54.415000,0,0.35,10,0.35,5,REGULAR,REGULAR,MIAX,10313
CYCU,20250717 09:44:54.415000,0,0.35,10,0.35,5,REGULAR,REGULAR,MIAX,10313
CYCU,20250717 09:44:54.471000,0,0.35,10,0.35,5,REGULAR,REGULAR,MIAX,10313
CYCU,20250717 09:44:55.452000,0,0.35,10,0.35,5,REGULAR,REGULAR,MIAX,10313
CYCU,20250717 09:44:58.725000,0,0.35,10,0.35,5,REGULAR,REGULAR,MIAX,10313
CYCU,20250717 09:44:58.725000,0,0.35,10,0.35,5,REGULAR,REGULAR,MIAX,10313
CYCU,20250717 09:44:59.292000,0,0.35,10,0.35,5,REGULAR,REGULAR,MIAX,10313
CYCU,20250717 09:45:00.576000,0,0.35,10,0.35,5,REGULAR,REGULAR,MIAX,10313
CYCU,20250717 09:45:01.614000,0,0.35,10,0.35,5,REGULAR,REGULAR,MIAX,10313
CYCU,20250717 09:45:02.174000,0,0.35,10,0.35,5,REGULAR,REGULAR,MIAX,10313
CYCU,20250717 09:45:02.451000,0,0.35,10,0.35,5,REGULAR,REGULAR,MIAX,10313
CYCU,20250717 09:45:04.796000,0,0.35,10,0.35,5,REGULAR,REGULAR,MIAX,10241
CYCU,20250717 09:45:06.083000,0,0.35,3,0.35,5,REGULAR,REGULAR,MEMX,10241
CYCU,20250717 09:45:06.200000,0,0.35,3,0.35,5,REGULAR,REGULAR,MEMX,10241
CYCU,20250717 09:45:07.064000,0,0.35,3,0.35,5,REGULAR,REGULAR,MEMX,10313
CYCU,20250717 09:45:07.064000,0,0.35,3,0.35,5,REGULAR,REGULAR,MEMX,10313
CYCU,20250717 09:45:07.065000,0,0.35,3,0.35,5,REGULAR,REGULAR,MEMX,10313
CYCU,20250717 09:45:07.065000,0,0.35,3,0.35,5,REGULAR,REGULAR,MEMX,10313
CYCU,20250717 09:45:07.066000,0,0.35,3,0.35,5,REGULAR,REGULAR,MEMX,10313
CYCU,20250717 09:45:07.657000,0,0.35,3,0.35,5,REGULAR,REGULAR,MEMX,10313
CYCU,20250717 09:45:13.476000,0,0.35,3,0.35,5,REGULAR,REGULAR,MEMX,10313
CYCU,20250717 09:45:13.477000,0,0.35,3,0.35,5,REGULAR,REGULAR,MEMX,10313
CYCU,20250717 09:45:15.066000,0,0.35,3,0.35,5,REGULAR,REGULAR,MEMX,10313
CYCU,20250717 09:45:15.070000,0,0.35,3,0.35,8,REGULAR,REGULAR,MEMX,10241
CYCU,20250717 09:45:15.070000,0,0.35,3,0.35,8,REGULAR,REGULAR,MEMX,10241
CYCU,20250717 09:45:15.070000,0,0.35,3,0.35,8,REGULAR,REGULAR,MEMX,10241
CYCU,20250717 09:45:15.070000,0,0.35,3,0.35,8,REGULAR,REGULAR,MEMX,10241
CYCU,20250717 09:45:15.070000,0,0.35,3,0.35,8,REGULAR,REGULAR,MEMX,10241
CYCU,20250717 09:45:15.070000,0,0.35,3,0.35,8,REGULAR,REGULAR,MEMX,10241
CYCU,20250717 09:45:16.932000,0,0.35,20,0.35,2,REGULAR,REGULAR,IEX,10241
CYCU,20250717 09:45:17.435000,0,0.35,20,0.35,4,REGULAR,REGULAR,IEX,10305
CYCU,20250717 09:45:18.410000,0,0.35,20,0.35,5,REGULAR,REGULAR,IEX,10305
CYCU,20250717 09:45:18.663000,0,0.35,20,0.35,1,REGULAR,REGULAR,IEX,10241
CYCU,20250717 09:45:18.796000,0,0.35,20,0.35,1,REGULAR,REGULAR,IEX,10241
CYCU,20250717 09:45:18.799000,0,0.35,20,0.35,1,REGULAR,REGULAR,IEX,10241
CYCU,20250717 09:45:24.158000,0,0.35,20,0.35,1,REGULAR,REGULAR,IEX,10241
CYCU,20250717 09:45:24.162000,0,0.35,20,0.35,1,REGULAR,REGULAR,IEX,10241
CYCU,20250717 09:45:24.162000,0,0.35,20,0.35,1,REGULAR,REGULAR,IEX,10241
CYCU,20250717 09:45:28.566000,0,0.35,20,0.35,6,REGULAR,REGULAR,MEMX,10305
CYCU,20250717 09:45:28.567000,0,0.35,20,0.35,6,REGULAR,REGULAR,MEMX,10305
CYCU,20250717 09:45:28.569000,0,0.35,26,0.35,5,REGULAR,REGULAR,MEMX,10305
CYCU,20250717 09:45:28.569000,0,0.35,26,0.35,5,REGULAR,REGULAR,MEMX,10305
CYCU,20250717 09:45:28.569000,0,0.35,26,0.35,5,REGULAR,REGULAR,MEMX,10305
CYCU,20250717 09:45:28.571000,0,0.35,26,0.35,5,REGULAR,REGULAR,MEMX,10305
CYCU,20250717 09:45:28.574000,0,0.35,1,0.35,5,REGULAR,REGULAR,NQEX,10313
CYCU,20250717 09:45:28.577000,0,0.35,1,0.36,90,REGULAR,REGULAR,NQEX,10247
CYCU,20250717 09:45:30.058000,0,0.35,5,0.35,2,REGULAR,REGULAR,MEMX,10241
CYCU,20250717 09:45:30.899000,0,0.35,5,0.35,5,REGULAR,REGULAR,MEMX,10305
CYCU,20250717 09:45:31.399000,0,0.35,5,0.35,3,REGULAR,REGULAR,MEMX,10305
CYCU,20250717 09:45:31.745000,0,0.35,5,0.35,3,REGULAR,REGULAR,MEMX,10305
CYCU,20250717 09:45:32.256000,0,0.35,5,0.35,5,REGULAR,REGULAR,MEMX,10305
CYCU,20250717 09:45:32.914000,0,0.35,5,0.35,1,REGULAR,REGULAR,MEMX,10241
CYCU,20250717 09:45:34.281000,0,0.35,5,0.35,4,REGULAR,REGULAR,MEMX,10305
CYCU,20250717 09:45:35.142000,0,0.35,5,0.35,6,REGULAR,REGULAR,MEMX,10305
CYCU,20250717 09:45:35.399000,0,0.35,5,0.35,6,REGULAR,REGULAR,MEMX,10305
CYCU,20250717 09:45:39.067000,0,0.35,5,0.35,11,REGULAR,REGULAR,MEMX,10305
CYCU,20250717 09:45:39.572000,0,0.35,5,0.35,12,REGULAR,REGULAR,MEMX,10305
CYCU,20250717 09:45:39.983000,0,0.35,5,0.35,1,REGULAR,REGULAR,MEMX,10241
CYCU,20250717 09:45:39.983000,0,0.35,5,0.35,1,REGULAR,REGULAR,MEMX,10241
CYCU,20250717 09:45:39.985000,0,0.35,5,0.35,1,REGULAR,REGULAR,MEMX,10241
CYCU,20250717 09:45:39.986000,0,0.35,1,0.36,90,REGULAR,REGULAR,NQEX,10247
CYCU,20250717 09:45:39.986000,0,0.35,1,0.36,90,REGULAR,REGULAR,NQEX,10247
CYCU,20250717 09:45:39.993000,0,0.35,1,0.36,76,REGULAR,REGULAR,NQEX,10247
CYCU,20250717 09:45:39.995000,0,0.35,1,0.36,76,REGULAR,REGULAR,NQEX,10247
CYCU,20250717 09:45:40.949000,0,0.35,5,0.36,76,REGULAR,REGULAR,MEMX,10247
CYCU,20250717 09:45:43.583000,0,0.35,1,0.35,5,REGULAR,REGULAR,MEMX,10305
CYCU,20250717 09:45:43.825000,0,0.35,1,0.35,5,REGULAR,REGULAR,MEMX,10305
CYCU,20250717 09:45:46.265000,0,0.35,1,0.35,8,REGULAR,REGULAR,MEMX,10305
CYCU,20250717 09:45:48.387000,0,0.35,1,0.35,11,REGULAR,REGULAR,MEMX,10305
CYCU,20250717 09:45:48.875000,0,0.35,1,0.35,1,REGULAR,REGULAR,MEMX,10241
CYCU,20250717 09:45:48.875000,0,0.35,1,0.35,1,REGULAR,REGULAR,MEMX,10241
CYCU,20250717 09:45:48.875000,0,0.35,1,0.35,1,REGULAR,REGULAR,MEMX,10241
CYCU,20250717 09:45:48.876000,0,0.35,1,0.35,1,REGULAR,REGULAR,MEMX,10241
CYCU,20250717 09:45:48.876000,0,0.35,1,0.35,1,REGULAR,REGULAR,MEMX,10241
CYCU,20250717 09:45:48.876000,0,0.35,1,0.35,1,REGULAR,REGULAR,MEMX,10241
CYCU,20250717 09:45:48.877000,0,0.35,1,0.35,1,REGULAR,REGULAR,MEMX,10241
CYCU,20250717 09:45:48.877000,0,0.35,1,0.35,1,REGULAR,REGULAR,MEMX,10241
CYCU,20250717 09:45:48.878000,0,0.35,1,0.35,1,REGULAR,REGULAR,MEMX,10241
CYCU,20250717 09:45:48.878000,0,0.35,1,0.35,1,REGULAR,REGULAR,MEMX,10241
CYCU,20250717 09:45:48.878000,0,0.35,1,0.35,1,REGULAR,REGULAR,MEMX,10241
CYCU,20250717 09:45:48.878000,0,0.35,1,0.35,1,REGULAR,REGULAR,MEMX,10241
CYCU,20250717 09:45:49.787000,0,0.35,1,0.35,1,REGULAR,REGULAR,MEMX,10241
CYCU,20250717 09:45:49.821000,0,0.35,1,0.35,1,REGULAR,REGULAR,MEMX,10241
CYCU,20250717 09:45:50.250000,0,0.35,1,0.35,2,REGULAR,REGULAR,MEMX,10305
CYCU,20250717 09:45:51.196000,0,0.35,1,0.35,3,REGULAR,REGULAR,MEMX,10305
CYCU,20250717 09:45:51.755000,0,0.35,1,0.35,1,REGULAR,REGULAR,MEMX,10241
CYCU,20250717 09:45:52.607000,0,0.35,1,0.35,3,REGULAR,REGULAR,MEMX,10305
CYCU,20250717 09:45:52.633000,0,0.35,1,0.35,3,REGULAR,REGULAR,MEMX,10305
CYCU,20250717 09:45:52.793000,0,0.35,1,0.35,3,REGULAR,REGULAR,MEMX,10305
CYCU,20250717 09:45:53.171000,0,0.35,1,0.35,1,REGULAR,REGULAR,MEMX,10241
CYCU,20250717 09:45:54.022000,0,0.35,1,0.35,2,REGULAR,REGULAR,MEMX,10305
CYCU,20250717 09:45:54.593000,0,0.35,1,0.36,76,REGULAR,REGULAR,NQEX,10247
CYCU,20250717 09:45:54.593000,0,0.35,1,0.36,76,REGULAR,REGULAR,NQEX,10247
CYCU,20250717 09:45:54.605000,0,0.35,1,0.36,74,REGULAR,REGULAR,NQEX,10247
CYCU,20250717 09:45:54.608000,0,0.35,1,0.36,74,REGULAR,REGULAR,NQEX,10247
CYCU,20250717 09:45:56.863000,0,0.35,1,0.35,3,REGULAR,REGULAR,MEMX,10305
CYCU,20250717 09:45:57.126000,0,0.35,2,0.36,74,REGULAR,REGULAR,NQEX,10247
CYCU,20250717 09:45:57.126000,0,0.35,2,0.36,74,REGULAR,REGULAR,NQEX,10247
CYCU,20250717 09:45:58.265000,0,0.35,1,0.36,74,REGULAR,REGULAR,MIAX,10247
CYCU,20250717 09:45:58.269000,0,0.35,1,0.36,74,REGULAR,REGULAR,MIAX,10247
CYCU,20250717 09:45:59.747000,0,0.35,1,0.36,74,REGULAR,REGULAR,MIAX,10247
CYCU,20250717 09:46:01.853000,0,0.35,1,0.36,74,REGULAR,REGULAR,MIAX,10247
CYCU,20250717 09:46:03.644000,0,0.35,1,0.36,75,REGULAR,REGULAR,MIAX,10247
CYCU,20250717 09:46:07.853000,0,0.35,1,0.36,75,REGULAR,REGULAR,MIAX,10247
CYCU,20250717 09:46:07.948000,0,0.35,1,0.36,75,REGULAR,REGULAR,MIAX,10247
CYCU,20250717 09:46:08.011000,0,0.35,1,0.36,75,REGULAR,REGULAR,MIAX,10247
CYCU,20250717 09:46:10.181000,0,0.35,1,0.36,77,REGULAR,REGULAR,MIAX,10247
CYCU,20250717 09:46:11.127000,0,0.35,1,0.36,74,REGULAR,REGULAR,MIAX,10247
CYCU,20250717 09:46:12.478000,0,0.35,1,0.36,79,REGULAR,REGULAR,MIAX,10247
CYCU,20250717 09:46:12.571000,0,0.35,1,0.36,79,REGULAR,REGULAR,MIAX,10247
CYCU,20250717 09:46:13.340000,0,0.35,1,0.36,79,REGULAR,REGULAR,MIAX,10247
CYCU,20250717 09:46:14.685000,0,0.35,1,0.36,80,REGULAR,REGULAR,MIAX,10247
CYCU,20250717 09:46:15.570000,0,0.35,1,0.36,80,REGULAR,REGULAR,MIAX,10247
CYCU,20250717 09:46:16.406000,0,0.35,1,0.36,79,REGULAR,REGULAR,MIAX,10247
CYCU,20250717 09:46:16.670000,0,0.35,1,0.36,79,REGULAR,REGULAR,MIAX,10247
CYCU,20250717 09:46:19.029000,0,0.35,1,0.36,82,REGULAR,REGULAR,MIAX,10247
CYCU,20250717 09:46:21.108000,0,0.35,1,0.36,73,REGULAR,REGULAR,MIAX,10247
CYCU,20250717 09:46:21.350000,0,0.35,1,0.36,73,REGULAR,REGULAR,MIAX,10247
CYCU,20250717 09:46:21.351000,0,0.36,5,0.36,99,REGULAR,REGULAR,MEMX,10247
CYCU,20250717 09:46:21.351000,0,0.36,5,0.36,99,REGULAR,REGULAR,MEMX,10247
CYCU,20250717 09:46:21.351000,0,0.36,5,0.36,99,REGULAR,REGULAR,MEMX,10247
CYCU,20250717 09:46:21.351000,0,0.36,5,0.36,99,REGULAR,REGULAR,MEMX,10247
CYCU,20250717 09:46:21.351000,0,0.36,5,0.36,99,REGULAR,REGULAR,MEMX,10247
CYCU,20250717 09:46:21.351000,0,0.36,5,0.36,99,REGULAR,REGULAR,MEMX,10247
CYCU,20250717 09:46:21.351000,0,0.36,5,0.36,99,REGULAR,REGULAR,MEMX,10247
CYCU,20250717 09:46:21.413000,0,0.35,50,0.36,264,REGULAR,REGULAR,EDGX,10247
CYCU,20250717 09:46:21.414000,0,0.35,50,0.36,7,REGULAR,REGULAR,EDGX,10313
CYCU,20250717 09:46:21.414000,0,0.35,50,0.36,7,REGULAR,REGULAR,EDGX,10313
CYCU,20250717 09:46:21.414000,0,0.35,50,0.36,7,REGULAR,REGULAR,EDGX,10313
CYCU,20250717 09:46:21.414000,0,0.35,50,0.36,7,REGULAR,REGULAR,EDGX,10313
CYCU,20250717 09:46:22.257000,0,0.35,50,0.36,7,REGULAR,REGULAR,EDGX,10313
CYCU,20250717 09:46:22.941000,0,0.35,50,0.36,7,REGULAR,REGULAR,EDGX,10313
CYCU,20250717 09:46:22.941000,0,0.35,50,0.36,7,REGULAR,REGULAR,EDGX,10313
CYCU,20250717 09:46:24.664000,0,0.35,50,0.36,7,REGULAR,REGULAR,EDGX,10313
CYCU,20250717 09:46:28.549000,0,0.36,20,0.36,7,REGULAR,REGULAR,BATY,10313
CYCU,20250717 09:46:28.550000,0,0.36,20,0.36,7,REGULAR,REGULAR,BATY,10313
CYCU,20250717 09:46:28.550000,0,0.36,20,0.36,7,REGULAR,REGULAR,BATY,10313
CYCU,20250717 09:46:28.550000,0,0.36,20,0.36,7,REGULAR,REGULAR,BATY,10313
CYCU,20250717 09:46:28.551000,0,0.36,20,0.36,7,REGULAR,REGULAR,BATY,10313
CYCU,20250717 09:46:28.551000,0,0.36,20,0.36,7,REGULAR,REGULAR,BATY,10313
CYCU,20250717 09:46:28.551000,0,0.36,20,0.36,7,REGULAR,REGULAR,BATY,10313
CYCU,20250717 09:46:28.817000,0,0.36,20,0.36,7,REGULAR,REGULAR,BATY,10313
CYCU,20250717 09:46:28.932000,0,0.36,20,0.36,7,REGULAR,REGULAR,BATY,10313
CYCU,20250717 09:46:29.361000,0,0.36,25,0.36,2,REGULAR,REGULAR,BATY,10241
CYCU,20250717 09:46:31.618000,0,0.36,25,0.36,6,REGULAR,REGULAR,BATY,10247
CYCU,20250717 09:46:34.701000,0,0.36,50,0.36,9,REGULAR,REGULAR,MIAX,10247
CYCU,20250717 09:46:34.838000,0,0.36,50,0.36,9,REGULAR,REGULAR,MIAX,10247
CYCU,20250717 09:46:34.971000,0,0.36,50,0.36,10,REGULAR,REGULAR,MIAX,10247
CYCU,20250717 09:46:38.210000,0,0.36,50,0.36,6,REGULAR,REGULAR,MIAX,10313
CYCU,20250717 09:46:40.390000,0,0.36,50,0.36,6,REGULAR,REGULAR,MIAX,10313
CYCU,20250717 09:46:42.596000,0,0.36,50,0.36,5,REGULAR,REGULAR,MIAX,10247
CYCU,20250717 09:46:42.596000,0,0.36,50,0.36,5,REGULAR,REGULAR,MIAX,10247
CYCU,20250717 09:46:42.596000,0,0.36,50,0.36,5,REGULAR,REGULAR,MIAX,10247
CYCU,20250717 09:46:42.597000,0,0.36,50,0.36,5,REGULAR,REGULAR,MIAX,10247
CYCU,20250717 09:46:42.597000,0,0.36,50,0.36,5,REGULAR,REGULAR,MIAX,10247
CYCU,20250717 09:46:42.598000,0,0.36,50,0.36,5,REGULAR,REGULAR,MIAX,10247
CYCU,20250717 09:46:42.598000,0,0.36,50,0.36,5,REGULAR,REGULAR,MIAX,10247
CYCU,20250717 09:46:42.598000,0,0.36,50,0.36,5,REGULAR,REGULAR,MIAX,10247
CYCU,20250717 09:46:42.598000,0,0.36,50,0.36,5,REGULAR,REGULAR,MIAX,10247
CYCU,20250717 09:46:42.599000,0,0.36,50,0.36,5,REGULAR,REGULAR,MIAX,10247
CYCU,20250717 09:46:42.606000,0,0.36,50,0.36,5,REGULAR,REGULAR,MIAX,10247
CYCU,20250717 09:46:43.024000,0,0.36,50,0.36,4,REGULAR,REGULAR,MIAX,10313
CYCU,20250717 09:46:47.028000,0,0.36,50,0.36,4,REGULAR,REGULAR,MIAX,10313
CYCU,20250717 09:46:47.058000,0,0.36,50,0.36,4,REGULAR,REGULAR,MIAX,10313
CYCU,20250717 09:46:48.080000,0,0.36,50,0.36,4,REGULAR,REGULAR,MIAX,10313
CYCU,20250717 09:46:48.643000,0,0.36,50,0.36,4,REGULAR,REGULAR,MIAX,10313
CYCU,20250717 09:46:51.508000,0,0.36,50,0.36,4,REGULAR,REGULAR,MIAX,10313
CYCU,20250717 09:46:51.717000,0,0.36,50,0.36,4,REGULAR,REGULAR,MIAX,10313
CYCU,20250717 09:46:55.629000,0,0.36,50,0.36,8,REGULAR,REGULAR,MIAX,10247
CYCU,20250717 09:46:58.269000,0,0.36,50,0.36,9,REGULAR,REGULAR,MIAX,10247
CYCU,20250717 09:46:58.269000,0,0.36,50,0.36,9,REGULAR,REGULAR,MIAX,10247
CYCU,20250717 09:46:58.269000,0,0.36,50,0.36,9,REGULAR,REGULAR,MIAX,10247
CYCU,20250717 09:46:58.269000,0,0.36,50,0.36,9,REGULAR,REGULAR,MIAX,10247
CYCU,20250717 09:46:58.270000,0,0.36,50,0.36,9,REGULAR,REGULAR,MIAX,10247
CYCU,20250717 09:46:58.270000,0,0.36,50,0.36,9,REGULAR,REGULAR,MIAX,10247
CYCU,20250717 09:46:58.270000,0,0.36,50,0.36,9,REGULAR,REGULAR,MIAX,10247
CYCU,20250717 09:46:59.126000,0,0.36,50,0.36,9,REGULAR,REGULAR,MIAX,10247
CYCU,20250717 09:46:59.147000,0,0.36,50,0.36,4,REGULAR,REGULAR,MIAX,10313
CYCU,20250717 09:46:59.147000,0,0.36,50,0.36,4,REGULAR,REGULAR,MIAX,10313
CYCU,20250717 09:47:00.062000,0,0.36,52,0.36,4,REGULAR,REGULAR,EDGX,10313
CYCU,20250717 09:47:01.617000,0,0.36,3,0.36,6,REGULAR,REGULAR,MEMX,10241
CYCU,20250717 09:47:02.188000,0,0.36,3,0.36,6,REGULAR,REGULAR,MEMX,10241
CYCU,20250717 09:47:03.702000,0,0.36,3,0.36,6,REGULAR,REGULAR,MEMX,10241
CYCU,20250717 09:47:03.702000,0,0.36,3,0.36,6,REGULAR,REGULAR,MEMX,10241
CYCU,20250717 09:47:03.702000,0,0.36,3,0.36,6,REGULAR,REGULAR,MEMX,10241
CYCU,20250717 09:47:03.703000,0,0.36,3,0.36,6,REGULAR,REGULAR,MEMX,10241
CYCU,20250717 09:47:03.703000,0,0.36,3,0.36,6,REGULAR,REGULAR,MEMX,10241
CYCU,20250717 09:47:03.703000,0,0.36,3,0.36,6,REGULAR,REGULAR,MEMX,10241
CYCU,20250717 09:47:03.703000,0,0.36,3,0.36,6,REGULAR,REGULAR,MEMX,10241
CYCU,20250717 09:47:03.703000,0,0.36,3,0.36,6,REGULAR,REGULAR,MEMX,10241
CYCU,20250717 09:47:03.703000,0,0.36,3,0.36,6,REGULAR,REGULAR,MEMX,10241
CYCU,20250717 09:47:03.704000,0,0.36,1,0.36,4,REGULAR,REGULAR,NQEX,10313
CYCU,20250717 09:47:03.704000,0,0.36,1,0.36,4,REGULAR,REGULAR,NQEX,10313
CYCU,20250717 09:47:03.704000,0,0.36,1,0.36,4,REGULAR,REGULAR,NQEX,10313
CYCU,20250717 09:47:03.712000,0,0.36,1,0.36,6,REGULAR,REGULAR,NQEX,10241
CYCU,20250717 09:47:03.718000,0,0.36,1,0.36,6,REGULAR,REGULAR,NQEX,10241
CYCU,20250717 09:47:03.719000,0,0.36,1,0.36,6,REGULAR,REGULAR,NQEX,10241
CYCU,20250717 09:47:03.719000,0,0.36,1,0.36,6,REGULAR,REGULAR,NQEX,10241
CYCU,20250717 09:47:03.719000,0,0.36,1,0.36,6,REGULAR,REGULAR,NQEX,10241
CYCU,20250717 09:47:03.719000,0,0.36,1,0.36,6,REGULAR,REGULAR,NQEX,10241
CYCU,20250717 09:47:03.719000,0,0.36,1,0.36,6,REGULAR,REGULAR,NQEX,10241
CYCU,20250717 09:47:03.719000,0,0.36,1,0.36,6,REGULAR,REGULAR,NQEX,10241
CYCU,20250717 09:47:03.719000,0,0.36,1,0.36,6,REGULAR,REGULAR,NQEX,10241
CYCU,20250717 09:47:03.719000,0,0.36,1,0.36,6,REGULAR,REGULAR,NQEX,10241
CYCU,20250717 09:47:03.720000,0,0.36,5,0.36,1,REGULAR,REGULAR,PACF,10241
CYCU,20250717 09:47:03.720000,0,0.36,5,0.36,1,REGULAR,REGULAR,PACF,10241
CYCU,20250717 09:47:03.720000,0,0.36,5,0.36,1,REGULAR,REGULAR,PACF,10241
CYCU,20250717 09:47:03.720000,0,0.36,5,0.36,1,REGULAR,REGULAR,PACF,10241
CYCU,20250717 09:47:03.720000,0,0.36,5,0.36,1,REGULAR,REGULAR,PACF,10241
CYCU,20250717 09:47:03.720000,0,0.36,5,0.36,1,REGULAR,REGULAR,PACF,10241
CYCU,20250717 09:47:03.720000,0,0.36,5,0.36,1,REGULAR,REGULAR,PACF,10241
CYCU,20250717 09:47:03.720000,0,0.36,5,0.36,1,REGULAR,REGULAR,PACF,10241
CYCU,20250717 09:47:03.721000,0,0.36,5,0.36,1,REGULAR,REGULAR,PACF,10241
CYCU,20250717 09:47:03.722000,0,0.36,5,0.36,1,REGULAR,REGULAR,PACF,10241
CYCU,20250717 09:47:03.722000,0,0.36,5,0.36,1,REGULAR,REGULAR,PACF,10241
CYCU,20250717 09:47:03.723000,0,0.36,5,0.36,1,REGULAR,REGULAR,PACF,10241
CYCU,20250717 09:47:03.723000,0,0.36,5,0.36,1,REGULAR,REGULAR,PACF,10241
CYCU,20250717 09:47:03.733000,0,0.36,1,0.36,4,REGULAR,REGULAR,NQEX,10313
CYCU,20250717 09:47:03.735000,0,0.36,1,0.36,4,REGULAR,REGULAR,NQEX,10313
CYCU,20250717 09:47:03.736000,0,0.36,1,0.36,4,REGULAR,REGULAR,NQEX,10313
CYCU,20250717 09:47:05.060000,0,0.36,3,0.36,4,REGULAR,REGULAR,MEMX,10313
CYCU,20250717 09:47:05.587000,0,0.36,3,0.36,4,REGULAR,REGULAR,MEMX,10313
CYCU,20250717 09:47:06.074000,0,0.36,3,0.36,4,REGULAR,REGULAR,MEMX,10313
CYCU,20250717 09:47:08.985000,0,0.36,3,0.36,4,REGULAR,REGULAR,MEMX,10313
CYCU,20250717 09:47:08.985000,0,0.36,3,0.36,4,REGULAR,REGULAR,MEMX,10313
CYCU,20250717 09:47:08.986000,0,0.36,3,0.36,4,REGULAR,REGULAR,MEMX,10313
CYCU,20250717 09:47:08.987000,0,0.36,3,0.36,4,REGULAR,REGULAR,MEMX,10313
CYCU,20250717 09:47:08.987000,0,0.36,3,0.36,4,REGULAR,REGULAR,MEMX,10313
CYCU,20250717 09:47:08.987000,0,0.36,3,0.36,4,REGULAR,REGULAR,MEMX,10313
CYCU,20250717 09:47:11.264000,0,0.36,3,0.36,4,REGULAR,REGULAR,MEMX,10313
CYCU,20250717 09:47:11.266000,0,0.36,3,0.36,4,REGULAR,REGULAR,MEMX,10313
CYCU,20250717 09:47:11.330000,0,0.36,3,0.36,4,REGULAR,REGULAR,MEMX,10313
CYCU,20250717 09:47:11.331000,0,0.36,3,0.36,4,REGULAR,REGULAR,MEMX,10313
CYCU,20250717 09:47:14.118000,0,0.36,3,0.36,4,REGULAR,REGULAR,MEMX,10313
CYCU,20250717 09:47:16.254000,0,0.36,3,0.36,4,REGULAR,REGULAR,MEMX,10313
CYCU,20250717 09:47:18.570000,0,0.36,99,0.36,4,REGULAR,REGULAR,NQEX,10313
CYCU,20250717 09:47:19.008000,0,0.36,99,0.36,4,REGULAR,REGULAR,NQEX,10313
CYCU,20250717 09:47:19.008000,0,0.36,99,0.36,4,REGULAR,REGULAR,NQEX,10313
CYCU,20250717 09:47:19.008000,0,0.36,99,0.36,4,REGULAR,REGULAR,NQEX,10313
CYCU,20250717 09:47:19.008000,0,0.36,99,0.36,4,REGULAR,REGULAR,NQEX,10313
CYCU,20250717 09:47:19.008000,0,0.36,99,0.36,4,REGULAR,REGULAR,NQEX,10313
CYCU,20250717 09:47:20.100000,0,0.36,99,0.36,4,REGULAR,REGULAR,NQEX,10313
CYCU,20250717 09:47:20.101000,0,0.36,99,0.36,4,REGULAR,REGULAR,NQEX,10313
CYCU,20250717 09:47:20.102000,0,0.36,99,0.36,4,REGULAR,REGULAR,NQEX,10313
CYCU,20250717 09:47:21.758000,0,0.36,99,0.36,4,REGULAR,REGULAR,NQEX,10313
CYCU,20250717 09:47:27.359000,0,0.36,122,0.36,4,REGULAR,REGULAR,NQEX,10313
CYCU,20250717 09:47:27.359000,0,0.36,122,0.36,4,REGULAR,REGULAR,NQEX,10313
CYCU,20250717 09:47:27.360000,0,0.36,122,0.36,4,REGULAR,REGULAR,NQEX,10313
CYCU,20250717 09:47:27.360000,0,0.36,122,0.36,4,REGULAR,REGULAR,NQEX,10313
CYCU,20250717 09:47:27.369000,0,0.36,122,0.36,4,REGULAR,REGULAR,NQEX,10313
CYCU,20250717 09:47:32.248000,0,0.36,122,0.36,4,REGULAR,REGULAR,NQEX,10313
CYCU,20250717 09:47:34.250000,0,0.36,122,0.36,4,REGULAR,REGULAR,NQEX,10313
CYCU,20250717 09:47:34.251000,0,0.36,119,0.36,4,REGULAR,REGULAR,NQEX,10313
CYCU,20250717 09:47:49.660000,0,0.36,119,0.36,4,REGULAR,REGULAR,NQEX,10313
CYCU,20250717 09:47:49.752000,0,0.36,119,0.36,4,REGULAR,REGULAR,NQEX,10313
CYCU,20250717 09:47:50.945000,0,0.36,119,0.36,4,REGULAR,REGULAR,NQEX,10313
CYCU,20250717 09:47:52.073000,0,0.36,119,0.36,4,REGULAR,REGULAR,NQEX,10313
CYCU,20250717 09:47:54.475000,0,0.36,119,0.36,4,REGULAR,REGULAR,NQEX,10313
CYCU,20250717 09:47:55.099000,0,0.36,99,0.36,4,REGULAR,REGULAR,NQEX,10313
CYCU,20250717 09:47:55.344000,0,0.36,99,0.36,4,REGULAR,REGULAR,NQEX,10313
CYCU,20250717 09:47:55.344000,0,0.36,99,0.36,4,REGULAR,REGULAR,NQEX,10313
CYCU,20250717 09:47:55.345000,0,0.36,99,0.36,4,REGULAR,REGULAR,NQEX,10313
CYCU,20250717 09:47:55.349000,0,0.36,1,0.36,99,REGULAR,REGULAR,NQEX,10247
CYCU,20250717 09:47:55.349000,0,0.36,1,0.36,99,REGULAR,REGULAR,NQEX,10247
CYCU,20250717 09:47:55.349000,0,0.36,1,0.36,99,REGULAR,REGULAR,NQEX,10247
CYCU,20250717 09:47:55.349000,0,0.36,1,0.36,99,REGULAR,REGULAR,NQEX,10247
CYCU,20250717 09:47:55.351000,0,0.36,1,0.36,99,REGULAR,REGULAR,NQEX,10247
CYCU,20250717 09:47:57.769000,0,0.36,3,0.36,2,REGULAR,REGULAR,MEMX,10247
CYCU,20250717 09:47:58.547000,0,0.36,3,0.36,2,REGULAR,REGULAR,MEMX,10247
CYCU,20250717 09:47:58.547000,0,0.36,3,0.36,2,REGULAR,REGULAR,MEMX,10247
CYCU,20250717 09:47:58.547000,0,0.36,3,0.36,2,REGULAR,REGULAR,MEMX,10247
CYCU,20250717 09:47:59.956000,0,0.36,1,0.36,99,REGULAR,REGULAR,PACF,10247
CYCU,20250717 09:47:59.956000,0,0.36,1,0.36,99,REGULAR,REGULAR,PACF,10247
CYCU,20250717 09:47:59.956000,0,0.36,1,0.36,99,REGULAR,REGULAR,PACF,10247
CYCU,20250717 09:47:59.957000,0,0.36,8,0.36,41,REGULAR,REGULAR,NQEX,10247
CYCU,20250717 09:47:59.957000,0,0.36,8,0.36,41,REGULAR,REGULAR,NQEX,10247
CYCU,20250717 09:47:59.957000,0,0.36,8,0.36,41,REGULAR,REGULAR,NQEX,10247
CYCU,20250717 09:47:59.957000,0,0.36,8,0.36,41,REGULAR,REGULAR,NQEX,10247
CYCU,20250717 09:47:59.957000,0,0.36,8,0.36,41,REGULAR,REGULAR,NQEX,10247
CYCU,20250717 09:47:59.958000,0,0.36,5,0.36,6,REGULAR,REGULAR,NQEX,10313
CYCU,20250717 09:47:59.958000,0,0.36,5,0.36,6,REGULAR,REGULAR,NQEX,10313
CYCU,20250717 09:48:01.958000,0,0.36,5,0.36,8,REGULAR,REGULAR,NQEX,10247
CYCU,20250717 09:48:03.022000,0,0.36,5,0.36,1,REGULAR,REGULAR,NQEX,10241
CYCU,20250717 09:48:04.392000,0,0.36,5,0.36,2,REGULAR,REGULAR,NQEX,10247
CYCU,20250717 09:48:05.744000,0,0.36,5,0.36,1,REGULAR,REGULAR,NQEX,10241
CYCU,20250717 09:48:08.404000,0,0.36,5,0.36,2,REGULAR,REGULAR,NQEX,10247
CYCU,20250717 09:48:16.766000,0,0.36,4,0.36,4,REGULAR,REGULAR,MEMX,10247
CYCU,20250717 09:48:16.767000,0,0.36,4,0.36,4,REGULAR,REGULAR,MEMX,10247
CYCU,20250717 09:48:16.767000,0,0.36,4,0.36,4,REGULAR,REGULAR,MEMX,10247
CYCU,20250717 09:48:16.770000,0,0.36,4,0.36,4,REGULAR,REGULAR,MEMX,10247
CYCU,20250717 09:48:16.771000,0,0.36,4,0.36,4,REGULAR,REGULAR,MEMX,10247
CYCU,20250717 09:48:16.774000,0,0.36,4,0.36,4,REGULAR,REGULAR,MEMX,10247
CYCU,20250717 09:48:17.389000,0,0.36,4,0.36,1,REGULAR,REGULAR,MEMX,10241
CYCU,20250717 09:48:18.010000,0,0.36,4,0.36,1,REGULAR,REGULAR,MEMX,10241
CYCU,20250717 09:48:18.654000,0,0.36,4,0.36,4,REGULAR,REGULAR,MEMX,10247
CYCU,20250717 09:48:18.654000,0,0.36,4,0.36,4,REGULAR,REGULAR,MEMX,10247
CYCU,20250717 09:48:22.412000,0,0.36,4,0.36,1,REGULAR,REGULAR,MEMX,10241
CYCU,20250717 09:48:22.998000,0,0.36,4,0.36,1,REGULAR,REGULAR,MEMX,10241
CYCU,20250717 09:48:22.998000,0,0.36,4,0.36,1,REGULAR,REGULAR,MEMX,10241
CYCU,20250717 09:48:24.264000,0,0.36,4,0.36,1,REGULAR,REGULAR,MEMX,10241
CYCU,20250717 09:48:26.273000,0,0.36,4,0.36,1,REGULAR,REGULAR,MEMX,10241
CYCU,20250717 09:48:26.278000,0,0.36,4,0.36,1,REGULAR,REGULAR,MEMX,10241
CYCU,20250717 09:48:26.688000,0,0.36,4,0.36,1,REGULAR,REGULAR,MEMX,10241
CYCU,20250717 09:48:27.394000,0,0.36,3,0.36,1,REGULAR,REGULAR,MEMX,10247
CYCU,20250717 09:48:27.473000,0,0.36,3,0.36,1,REGULAR,REGULAR,MEMX,10247
CYCU,20250717 09:48:27.477000,0,0.36,3,0.36,1,REGULAR,REGULAR,MEMX,10247
CYCU,20250717 09:48:27.485000,0,0.36,1,0.36,6,REGULAR,REGULAR,NQEX,10305
CYCU,20250717 09:48:27.487000,0,0.36,1,0.36,6,REGULAR,REGULAR,NQEX,10241
CYCU,20250717 09:48:27.487000,0,0.36,1,0.36,6,REGULAR,REGULAR,NQEX,10241
CYCU,20250717 09:48:36.775000,0,0.36,5,0.36,6,REGULAR,REGULAR,MEMX,10241
CYCU,20250717 09:48:38.934000,0,0.36,5,0.36,6,REGULAR,REGULAR,MEMX,10241
CYCU,20250717 09:48:40.588000,0,0.36,5,0.36,6,REGULAR,REGULAR,MEMX,10241
CYCU,20250717 09:48:42.945000,0,0.36,5,0.36,2,REGULAR,REGULAR,MEMX,10247
CYCU,20250717 09:48:45.596000,0,0.36,5,0.36,2,REGULAR,REGULAR,MEMX,10247
CYCU,20250717 09:48:47.422000,0,0.36,5,0.36,2,REGULAR,REGULAR,MEMX,10308
CYCU,20250717 09:48:49.030000,0,0.36,5,0.36,2,REGULAR,REGULAR,MEMX,10308
CYCU,20250717 09:48:50.451000,0,0.36,5,0.36,2,REGULAR,REGULAR,MEMX,10308
CYCU,20250717 09:48:50.620000,0,0.36,5,0.36,2,REGULAR,REGULAR,MEMX,10308
CYCU,20250717 09:48:51.107000,0,0.36,5,0.36,2,REGULAR,REGULAR,MEMX,10247
CYCU,20250717 09:48:51.110000,0,0.36,5,0.36,2,REGULAR,REGULAR,MEMX,10247
CYCU,20250717 09:48:51.113000,0,0.36,5,0.36,1,REGULAR,REGULAR,MEMX,10247
CYCU,20250717 09:48:51.116000,0,0.36,1,0.36,5,REGULAR,REGULAR,PACF,10313
CYCU,20250717 09:48:51.122000,0,0.36,29,0.36,1,REGULAR,REGULAR,EDGX,10241
CYCU,20250717 09:48:52.692000,0,0.36,29,0.36,5,REGULAR,REGULAR,EDGX,10313
CYCU,20250717 09:48:52.704000,0,0.36,29,0.36,2,REGULAR,REGULAR,EDGX,10247
CYCU,20250717 09:48:52.709000,0,0.36,29,0.36,2,REGULAR,REGULAR,EDGX,10247
CYCU,20250717 09:48:54.860000,0,0.36,29,0.36,5,REGULAR,REGULAR,EDGX,10313
CYCU,20250717 09:48:57.411000,0,0.36,33,0.36,10,REGULAR,REGULAR,EDGX,10241
CYCU,20250717 09:48:57.418000,0,0.36,33,0.36,7,REGULAR,REGULAR,EDGX,10241
CYCU,20250717 09:48:57.419000,0,0.36,33,0.36,7,REGULAR,REGULAR,EDGX,10241
CYCU,20250717 09:48:57.419000,0,0.36,33,0.36,7,REGULAR,REGULAR,EDGX,10241
CYCU,20250717 09:48:57.833000,0,0.36,33,0.36,7,REGULAR,REGULAR,EDGX,10241
CYCU,20250717 09:49:00.045000,0,0.36,33,0.36,7,REGULAR,REGULAR,EDGX,10241
CYCU,20250717 09:49:06.064000,0,0.36,33,0.36,10,REGULAR,REGULAR,EDGX,10305
CYCU,20250717 09:49:14.235000,0,0.36,33,0.36,10,REGULAR,REGULAR,EDGX,10305
CYCU,20250717 09:49:17.361000,0,0.36,33,0.36,2,REGULAR,REGULAR,EDGX,10247
CYCU,20250717 09:49:17.361000,0,0.36,33,0.36,2,REGULAR,REGULAR,EDGX,10247
CYCU,20250717 09:49:17.361000,0,0.36,33,0.36,2,REGULAR,REGULAR,EDGX,10247
CYCU,20250717 09:49:17.362000,0,0.36,1,0.36,63,REGULAR,REGULAR,PACF,10313
CYCU,20250717 09:49:17.362000,0,0.36,1,0.36,63,REGULAR,REGULAR,PACF,10313
CYCU,20250717 09:49:17.362000,0,0.36,1,0.36,63,REGULAR,REGULAR,PACF,10313
CYCU,20250717 09:49:17.367000,0,0.36,1,0.36,12,REGULAR,REGULAR,PACF,10313
CYCU,20250717 09:49:17.367000,0,0.36,1,0.36,12,REGULAR,REGULAR,PACF,10313
CYCU,20250717 09:49:23.936000,0,0.36,33,0.36,145,REGULAR,REGULAR,EDGX,10305
CYCU,20250717 09:49:24.116000,0,0.36,33,0.36,145,REGULAR,REGULAR,EDGX,10305
CYCU,20250717 09:49:24.130000,0,0.36,33,0.36,12,REGULAR,REGULAR,EDGX,10313
CYCU,20250717 09:49:24.130000,0,0.36,33,0.36,12,REGULAR,REGULAR,EDGX,10313
CYCU,20250717 09:49:24.132000,0,0.36,33,0.36,12,REGULAR,REGULAR,EDGX,10313
CYCU,20250717 09:49:26.642000,0,0.36,15,0.36,12,REGULAR,REGULAR,MEMX,10313
CYCU,20250717 09:49:26.643000,0,0.36,15,0.36,72,REGULAR,REGULAR,MEMX,10247
CYCU,20250717 09:49:26.644000,0,0.36,15,0.37,1,REGULAR,REGULAR,MEMX,10241
CYCU,20250717 09:49:26.644000,0,0.36,15,0.37,1,REGULAR,REGULAR,MEMX,10241
CYCU,20250717 09:49:26.644000,0,0.36,15,0.37,1,REGULAR,REGULAR,MEMX,10241
CYCU,20250717 09:49:26.644000,0,0.36,15,0.37,1,REGULAR,REGULAR,MEMX,10241
CYCU,20250717 09:49:26.644000,0,0.36,15,0.37,1,REGULAR,REGULAR,MEMX,10241
CYCU,20250717 09:49:26.644000,0,0.36,15,0.37,1,REGULAR,REGULAR,MEMX,10241
CYCU,20250717 09:49:26.644000,0,0.36,15,0.37,1,REGULAR,REGULAR,MEMX,10241
CYCU,20250717 09:49:26.644000,0,0.36,15,0.37,1,REGULAR,REGULAR,MEMX,10241
CYCU,20250717 09:49:26.644000,0,0.36,15,0.37,1,REGULAR,REGULAR,MEMX,10241
CYCU,20250717 09:49:27.033000,0,0.36,15,0.37,1,REGULAR,REGULAR,MEMX,10241
CYCU,20250717 09:49:27.033000,0,0.36,15,0.37,1,REGULAR,REGULAR,MEMX,10241
CYCU,20250717 09:49:27.035000,0,0.36,15,0.37,1,REGULAR,REGULAR,MEMX,10241
CYCU,20250717 09:49:27.447000,0,0.36,15,0.37,1,REGULAR,REGULAR,MEMX,10241
CYCU,20250717 09:49:27.460000,0,0.36,2,0.37,8,REGULAR,REGULAR,PACF,10241
CYCU,20250717 09:49:27.460000,0,0.36,2,0.37,8,REGULAR,REGULAR,PACF,10241
CYCU,20250717 09:49:27.460000,0,0.36,2,0.37,8,REGULAR,REGULAR,PACF,10241
CYCU,20250717 09:49:27.463000,0,0.36,2,0.37,8,REGULAR,REGULAR,PACF,10241
CYCU,20250717 09:49:27.632000,0,0.36,15,0.37,8,REGULAR,REGULAR,MEMX,10241
CYCU,20250717 09:49:27.632000,0,0.36,15,0.37,8,REGULAR,REGULAR,MEMX,10241
CYCU,20250717 09:49:29.002000,0,0.36,15,0.37,5,REGULAR,REGULAR,MEMX,10241
CYCU,20250717 09:49:34.771000,0,0.37,12,0.37,5,REGULAR,REGULAR,MEMX,10241
CYCU,20250717 09:49:34.771000,0,0.37,12,0.37,5,REGULAR,REGULAR,MEMX,10241
CYCU,20250717 09:49:34.772000,0,0.37,12,0.37,5,REGULAR,REGULAR,MEMX,10241
CYCU,20250717 09:49:34.772000,0,0.37,12,0.37,5,REGULAR,REGULAR,MEMX,10241
CYCU,20250717 09:49:38.723000,0,0.37,12,0.37,5,REGULAR,REGULAR,MEMX,10241
CYCU,20250717 09:49:38.725000,0,0.37,12,0.37,5,REGULAR,REGULAR,MEMX,10241
CYCU,20250717 09:49:38.726000,0,0.37,8,0.37,5,REGULAR,REGULAR,NQEX,10241
CYCU,20250717 09:49:38.726000,0,0.37,8,0.37,5,REGULAR,REGULAR,NQEX,10241
CYCU,20250717 09:49:40.750000,0,0.37,2,0.37,50,REGULAR,REGULAR,NQEX,10305
CYCU,20250717 09:49:40.754000,0,0.37,95,0.37,12,REGULAR,REGULAR,NQEX,10305
CYCU,20250717 09:49:40.754000,0,0.37,95,0.37,12,REGULAR,REGULAR,NQEX,10305
CYCU,20250717 09:49:40.754000,0,0.37,95,0.37,12,REGULAR,REGULAR,NQEX,10305
CYCU,20250717 09:49:40.754000,0,0.37,95,0.37,12,REGULAR,REGULAR,NQEX,10305
CYCU,20250717 09:49:40.754000,0,0.37,95,0.37,12,REGULAR,REGULAR,NQEX,10305
CYCU,20250717 09:49:40.754000,0,0.37,95,0.37,12,REGULAR,REGULAR,NQEX,10305
CYCU,20250717 09:49:40.755000,0,0.37,95,0.37,10,REGULAR,REGULAR,NQEX,10241
CYCU,20250717 09:49:41.055000,0,0.37,7,0.37,10,REGULAR,REGULAR,MEMX,10241
CYCU,20250717 09:49:41.055000,0,0.37,7,0.37,10,REGULAR,REGULAR,MEMX,10241
CYCU,20250717 09:49:41.055000,0,0.37,7,0.37,10,REGULAR,REGULAR,MEMX,10241
CYCU,20250717 09:49:43.277000,0,0.37,2,0.37,10,REGULAR,REGULAR,NQEX,10241
CYCU,20250717 09:49:43.278000,0,0.37,2,0.37,10,REGULAR,REGULAR,NQEX,10241
CYCU,20250717 09:49:43.278000,0,0.37,2,0.37,10,REGULAR,REGULAR,NQEX,10241
CYCU,20250717 09:49:44.391000,0,0.37,5,0.37,10,REGULAR,REGULAR,MEMX,10241
CYCU,20250717 09:49:51.156000,0,0.37,5,0.37,1,REGULAR,REGULAR,MEMX,10241
CYCU,20250717 09:49:51.657000,0,0.37,5,0.37,1,REGULAR,REGULAR,MEMX,10241
CYCU,20250717 09:49:52.026000,0,0.37,5,0.37,1,REGULAR,REGULAR,MEMX,10241
CYCU,20250717 09:49:55.573000,0,0.37,5,0.37,1,REGULAR,REGULAR,MEMX,10241
CYCU,20250717 09:49:55.641000,0,0.37,5,0.37,1,REGULAR,REGULAR,MEMX,10241
CYCU,20250717 09:49:55.939000,0,0.37,5,0.37,1,REGULAR,REGULAR,MEMX,10241
CYCU,20250717 09:49:55.939000,0,0.37,5,0.37,1,REGULAR,REGULAR,MEMX,10241
CYCU,20250717 09:49:56.728000,0,0.37,95,0.37,50,REGULAR,REGULAR,NQEX,10313
CYCU,20250717 09:49:59.232000,0,0.37,12,0.37,55,REGULAR,REGULAR,EDGX,10313
CYCU,20250717 09:49:59.677000,0,0.37,12,0.37,50,REGULAR,REGULAR,EDGX,10313
CYCU,20250717 09:50:00.169000,0,0.37,12,0.37,46,REGULAR,REGULAR,EDGX,10313
CYCU,20250717 09:50:00.169000,0,0.37,12,0.37,46,REGULAR,REGULAR,EDGX,10313
CYCU,20250717 09:50:00.634000,0,0.37,12,0.37,46,REGULAR,REGULAR,EDGX,10313
CYCU,20250717 09:50:04.191000,0,0.37,12,0.37,46,REGULAR,REGULAR,EDGX,10313
CYCU,20250717 09:50:06.003000,0,0.37,8,0.37,46,REGULAR,REGULAR,MEMX,10313
CYCU,20250717 09:50:06.011000,0,0.37,10,0.37,5,REGULAR,REGULAR,EDGX,10313
CYCU,20250717 09:50:06.011000,0,0.37,10,0.37,5,REGULAR,REGULAR,EDGX,10313
CYCU,20250717 09:50:06.012000,0,0.37,10,0.37,5,REGULAR,REGULAR,EDGX,10313
CYCU,20250717 09:50:06.013000,0,0.37,10,0.37,5,REGULAR,REGULAR,EDGX,10313
CYCU,20250717 09:50:06.013000,0,0.37,10,0.37,5,REGULAR,REGULAR,EDGX,10313
CYCU,20250717 09:50:06.013000,0,0.37,10,0.37,5,REGULAR,REGULAR,EDGX,10313
CYCU,20250717 09:50:06.013000,0,0.37,10,0.37,5,REGULAR,REGULAR,EDGX,10313
CYCU,20250717 09:50:06.013000,0,0.37,10,0.37,5,REGULAR,REGULAR,EDGX,10313
CYCU,20250717 09:50:06.013000,0,0.37,10,0.37,5,REGULAR,REGULAR,EDGX,10313
CYCU,20250717 09:50:06.014000,0,0.37,10,0.37,5,REGULAR,REGULAR,EDGX,10313
CYCU,20250717 09:50:08.225000,0,0.37,1,0.37,5,REGULAR,REGULAR,MEMX,10313
CYCU,20250717 09:50:09.165000,0,0.37,1,0.37,5,REGULAR,REGULAR,MEMX,10313
CYCU,20250717 09:50:09.659000,0,0.37,1,0.37,5,REGULAR,REGULAR,MEMX,10313
CYCU,20250717 09:50:09.750000,0,0.37,1,0.37,5,REGULAR,REGULAR,MEMX,10313
CYCU,20250717 09:50:11.113000,0,0.37,1,0.37,5,REGULAR,REGULAR,MEMX,10313
CYCU,20250717 09:50:11.114000,0,0.37,1,0.37,5,REGULAR,REGULAR,MEMX,10313
CYCU,20250717 09:50:11.161000,0,0.37,1,0.37,5,REGULAR,REGULAR,MEMX,10313
CYCU,20250717 09:50:11.446000,0,0.37,1,0.37,5,REGULAR,REGULAR,MEMX,10313
CYCU,20250717 09:50:11.449000,0,0.37,1,0.37,5,REGULAR,REGULAR,MEMX,10313
CYCU,20250717 09:50:11.449000,0,0.37,1,0.37,5,REGULAR,REGULAR,MEMX,10313
CYCU,20250717 09:50:11.450000,0,0.37,1,0.37,46,REGULAR,REGULAR,MEMX,10313
CYCU,20250717 09:50:11.450000,0,0.37,1,0.37,46,REGULAR,REGULAR,MEMX,10313
CYCU,20250717 09:50:11.450000,0,0.37,1,0.37,46,REGULAR,REGULAR,MEMX,10313
CYCU,20250717 09:50:11.451000,0,0.37,1,0.37,46,REGULAR,REGULAR,MEMX,10313
CYCU,20250717 09:50:11.452000,0,0.37,1,0.37,46,REGULAR,REGULAR,MEMX,10313
CYCU,20250717 09:50:11.462000,0,0.37,1,0.37,46,REGULAR,REGULAR,MEMX,10313
CYCU,20250717 09:50:11.463000,0,0.37,2,0.37,10,REGULAR,REGULAR,NQEX,10241
CYCU,20250717 09:50:11.463000,0,0.37,2,0.37,10,REGULAR,REGULAR,NQEX,10241
CYCU,20250717 09:50:11.463000,0,0.37,2,0.37,10,REGULAR,REGULAR,NQEX,10241
CYCU,20250717 09:50:11.464000,0,0.37,2,0.37,10,REGULAR,REGULAR,NQEX,10241
CYCU,20250717 09:50:11.464000,0,0.37,2,0.37,10,REGULAR,REGULAR,NQEX,10241
CYCU,20250717 09:50:11.465000,0,0.37,2,0.37,10,REGULAR,REGULAR,NQEX,10241
CYCU,20250717 09:50:11.848000,0,0.37,1,0.37,10,REGULAR,REGULAR,MEMX,10305
CYCU,20250717 09:50:12.197000,0,0.37,1,0.37,10,REGULAR,REGULAR,MEMX,10305
CYCU,20250717 09:50:12.952000,0,0.37,10,0.37,10,REGULAR,REGULAR,EDGX,10305
CYCU,20250717 09:50:12.952000,0,0.37,10,0.37,10,REGULAR,REGULAR,EDGX,10305
CYCU,20250717 09:50:13.013000,0,0.37,10,0.37,10,REGULAR,REGULAR,EDGX,10305
CYCU,20250717 09:50:14.524000,0,0.37,10,0.37,10,REGULAR,REGULAR,EDGX,10305
CYCU,20250717 09:50:17.160000,0,0.37,10,0.37,60,REGULAR,REGULAR,EDGX,10247
CYCU,20250717 09:50:18.379000,0,0.37,10,0.37,60,REGULAR,REGULAR,EDGX,10247
CYCU,20250717 09:50:18.553000,0,0.37,10,0.37,60,REGULAR,REGULAR,EDGX,10247
CYCU,20250717 09:50:19.148000,0,0.37,10,0.37,60,REGULAR,REGULAR,EDGX,10247
CYCU,20250717 09:50:21.346000,0,0.37,10,0.37,60,REGULAR,REGULAR,EDGX,10247
CYCU,20250717 09:50:21.547000,0,0.37,10,0.37,60,REGULAR,REGULAR,EDGX,10247
CYCU,20250717 09:50:22.730000,0,0.37,10,0.37,60,REGULAR,REGULAR,EDGX,10247
CYCU,20250717 09:50:22.794000,0,0.37,10,0.37,60,REGULAR,REGULAR,EDGX,10247
CYCU,20250717 09:50:22.917000,0,0.37,10,0.37,60,REGULAR,REGULAR,EDGX,10247
CYCU,20250717 09:50:25.966000,0,0.37,10,0.37,60,REGULAR,REGULAR,EDGX,10247
CYCU,20250717 09:50:26.423000,0,0.37,10,0.37,60,REGULAR,REGULAR,EDGX,10247
CYCU,20250717 09:50:28.995000,0,0.37,10,0.37,60,REGULAR,REGULAR,EDGX,10247
CYCU,20250717 09:50:30.060000,0,0.37,10,0.37,60,REGULAR,REGULAR,EDGX,10247
CYCU,20250717 09:50:30.366000,0,0.37,10,0.37,60,REGULAR,REGULAR,EDGX,10247
CYCU,20250717 09:50:30.461000,0,0.37,10,0.37,60,REGULAR,REGULAR,EDGX,10247
CYCU,20250717 09:50:31.672000,0,0.37,10,0.37,60,REGULAR,REGULAR,EDGX,10247
CYCU,20250717 09:50:32.627000,0,0.37,10,0.37,60,REGULAR,REGULAR,EDGX,10247
CYCU,20250717 09:50:32.628000,0,0.37,10,0.37,60,REGULAR,REGULAR,EDGX,10247
CYCU,20250717 09:50:35.536000,0,0.37,10,0.37,60,REGULAR,REGULAR,EDGX,10247
CYCU,20250717 09:50:35.979000,0,0.37,5,0.37,60,REGULAR,REGULAR,MEMX,10247
CYCU,20250717 09:50:35.981000,0,0.37,5,0.37,60,REGULAR,REGULAR,MEMX,10247
CYCU,20250717 09:50:38.480000,0,0.37,10,0.37,60,REGULAR,REGULAR,EDGX,10247
CYCU,20250717 09:50:40.385000,0,0.37,10,0.37,60,REGULAR,REGULAR,EDGX,10247
CYCU,20250717 09:50:41.846000,0,0.37,10,0.37,60,REGULAR,REGULAR,EDGX,10247
CYCU,20250717 09:50:42.340000,0,0.37,10,0.37,60,REGULAR,REGULAR,EDGX,10247
CYCU,20250717 09:50:42.957000,0,0.37,23,0.37,60,REGULAR,REGULAR,PACF,10247
CYCU,20250717 09:50:42.958000,0,0.37,4,0.37,60,REGULAR,REGULAR,NQEX,10247
CYCU,20250717 09:50:42.958000,0,0.37,4,0.37,60,REGULAR,REGULAR,NQEX,10247
CYCU,20250717 09:50:42.959000,0,0.37,3,0.37,10,REGULAR,REGULAR,PACF,10241
CYCU,20250717 09:50:42.964000,0,0.37,3,0.38,112,REGULAR,REGULAR,PACF,10313
CYCU,20250717 09:50:42.965000,0,0.37,3,0.38,112,REGULAR,REGULAR,PACF,10313
CYCU,20250717 09:50:42.970000,0,0.37,1,0.38,11,REGULAR,REGULAR,NQEX,10305
CYCU,20250717 09:50:42.970000,0,0.37,1,0.38,11,REGULAR,REGULAR,NQEX,10305
CYCU,20250717 09:50:42.970000,0,0.37,1,0.38,11,REGULAR,REGULAR,NQEX,10305
CYCU,20250717 09:50:42.970000,0,0.37,1,0.38,11,REGULAR,REGULAR,NQEX,10305
CYCU,20250717 09:50:42.970000,0,0.37,1,0.38,11,REGULAR,REGULAR,NQEX,10305
CYCU,20250717 09:50:42.970000,0,0.37,1,0.38,11,REGULAR,REGULAR,NQEX,10305
CYCU,20250717 09:50:42.970000,0,0.37,1,0.38,11,REGULAR,REGULAR,NQEX,10305
CYCU,20250717 09:50:42.970000,0,0.37,1,0.38,11,REGULAR,REGULAR,NQEX,10305
CYCU,20250717 09:50:42.970000,0,0.37,1,0.38,11,REGULAR,REGULAR,NQEX,10305
CYCU,20250717 09:50:42.970000,0,0.37,1,0.38,11,REGULAR,REGULAR,NQEX,10305
CYCU,20250717 09:50:43.721000,0,0.37,9,0.38,2,REGULAR,REGULAR,MEMX,10241
CYCU,20250717 09:50:44.194000,0,0.37,9,0.38,2,REGULAR,REGULAR,MEMX,10241
CYCU,20250717 09:50:44.954000,0,0.37,10,0.38,2,REGULAR,REGULAR,PACF,10241
CYCU,20250717 09:50:46.245000,0,0.37,10,0.38,2,REGULAR,REGULAR,PACF,10241
