SymbolId,TradeTime,Index,Size,TotalVolume,Price,ReportingExchange,TradeCondition
CYCU,20250717 04:02:08.467000,38133,134,354,0.37,EDGX,12545
CYCU,20250717 04:02:18.266000,40714,1,355,0.37,EDGX,12545
CYCU,20250717 04:02:45.328000,48240,5,360,0.37,EDGX,12545
CYCU,20250717 04:03:42.180000,63550,143,503,0.37,BATS,12545
CYCU,20250717 04:08:30.315000,121924,1,504,0.37,EDGX,12545
CYCU,20250717 04:10:52.109000,144049,103,607,0.36,PACF,12545
CYCU,20250717 04:10:52.109000,144050,300,907,0.36,EDGX,12545
CYCU,20250717 04:10:52.109000,144051,437,1344,0.36,EDGX,12545
CYCU,20250717 04:10:52.109000,144052,200,1544,0.36,BATS,12545
CYCU,20250717 04:11:11.053000,147397,1,1545,0.36,BATS,12545
CYCU,20250717 04:11:31.534000,151157,1,1546,0.37,EDGX,12545
CYCU,20250717 04:13:06.445000,167085,47,1910,0.35,PACF,12545
CYCU,20250717 04:13:06.445000,167081,16,1562,0.36,PACF,12545
CYCU,20250717 04:13:06.445000,167082,1,1563,0.35,PACF,12545
CYCU,20250717 04:13:06.445000,167083,200,1763,0.35,PACF,12545
CYCU,20250717 04:13:06.445000,167090,100,4271,0.36,MEMX,12545
CYCU,20250717 04:13:06.445000,167084,100,1863,0.35,PACF,12545
CYCU,20250717 04:13:06.445000,167086,20,1930,0.35,PACF,12545
CYCU,20250717 04:13:06.445000,167087,1000,2930,0.35,PACF,12545
CYCU,20250717 04:13:06.445000,167088,835,3765,0.36,NQEX,12545
CYCU,20250717 04:13:06.445000,167097,406,5248,0.35,PACF,12545
CYCU,20250717 04:13:06.445000,167091,199,4470,0.36,BATS,12545
CYCU,20250717 04:13:06.445000,167095,1,4841,0.35,PACF,12545
CYCU,20250717 04:13:06.445000,167096,1,4842,0.35,PACF,12545
CYCU,20250717 04:13:06.445000,167093,300,4831,0.36,EDGX,12545
CYCU,20250717 04:13:06.445000,167092,61,4531,0.35,PACF,12545
CYCU,20250717 04:13:06.445000,167094,9,4840,0.35,PACF,12545
CYCU,20250717 04:13:06.445000,167089,406,4171,0.35,PACF,12545
CYCU,20250717 04:13:06.446000,167098,61,5309,0.35,PACF,12545
CYCU,20250717 04:13:06.446000,167099,61,5370,0.35,PACF,12545
CYCU,20250717 04:13:06.446000,167114,61,6038,0.35,PACF,12545
CYCU,20250717 04:13:06.446000,167134,19,6488,0.35,PACF,12545
CYCU,20250717 04:13:06.446000,167143,2,6533,0.35,PACF,12545
CYCU,20250717 04:13:06.446000,167142,1,6531,0.35,PACF,12545
CYCU,20250717 04:13:06.446000,167141,1,6530,0.35,PACF,12545
CYCU,20250717 04:13:06.446000,167140,1,6529,0.35,PACF,12545
CYCU,20250717 04:13:06.446000,167139,12,6528,0.35,PACF,12545
CYCU,20250717 04:13:06.446000,167138,3,6516,0.35,PACF,12545
CYCU,20250717 04:13:06.446000,167137,4,6513,0.35,PACF,12545
CYCU,20250717 04:13:06.446000,167136,1,6509,0.35,PACF,12545
CYCU,20250717 04:13:06.446000,167135,20,6508,0.35,PACF,12545
CYCU,20250717 04:13:06.446000,167100,9,5379,0.35,PACF,12545
CYCU,20250717 04:13:06.446000,167101,15,5394,0.35,PACF,12545
CYCU,20250717 04:13:06.446000,167118,9,6064,0.35,PACF,12545
CYCU,20250717 04:13:06.446000,167119,15,6079,0.35,PACF,12545
CYCU,20250717 04:13:06.446000,167120,5,6084,0.35,PACF,12545
CYCU,20250717 04:13:06.446000,167121,125,6209,0.35,PACF,12545
CYCU,20250717 04:13:06.446000,167122,2,6211,0.35,PACF,12545
CYCU,20250717 04:13:06.446000,167123,125,6336,0.35,PACF,12545
CYCU,20250717 04:13:06.446000,167124,9,6345,0.35,PACF,12545
CYCU,20250717 04:13:06.446000,167126,1,6370,0.35,PACF,12545
CYCU,20250717 04:13:06.446000,167127,45,6415,0.35,PACF,12545
CYCU,20250717 04:13:06.446000,167128,30,6445,0.35,PACF,12545
CYCU,20250717 04:13:06.446000,167129,2,6447,0.35,PACF,12545
CYCU,20250717 04:13:06.446000,167130,1,6448,0.35,PACF,12545
CYCU,20250717 04:13:06.446000,167131,9,6457,0.35,PACF,12545
CYCU,20250717 04:13:06.446000,167125,24,6369,0.35,PACF,12545
CYCU,20250717 04:13:06.446000,167144,13,6546,0.35,PACF,12545
CYCU,20250717 04:13:06.446000,167117,1,6055,0.35,PACF,12545
CYCU,20250717 04:13:06.446000,167116,9,6054,0.35,PACF,12545
CYCU,20250717 04:13:06.446000,167102,9,5403,0.35,PACF,12545
CYCU,20250717 04:13:06.446000,167103,15,5418,0.35,PACF,12545
CYCU,20250717 04:13:06.446000,167104,9,5427,0.35,PACF,12545
CYCU,20250717 04:13:06.446000,167105,406,5833,0.35,PACF,12545
CYCU,20250717 04:13:06.446000,167106,45,5878,0.35,PACF,12545
CYCU,20250717 04:13:06.446000,167107,2,5880,0.35,PACF,12545
CYCU,20250717 04:13:06.446000,167108,1,5881,0.35,PACF,12545
CYCU,20250717 04:13:06.446000,167110,61,5944,0.35,PACF,12545
CYCU,20250717 04:13:06.446000,167111,1,5945,0.35,PACF,12545
CYCU,20250717 04:13:06.446000,167112,2,5947,0.35,PACF,12545
CYCU,20250717 04:13:06.446000,167113,30,5977,0.35,PACF,12545
CYCU,20250717 04:13:06.446000,167133,9,6469,0.35,PACF,12545
CYCU,20250717 04:13:06.446000,167115,7,6045,0.35,PACF,12545
CYCU,20250717 04:13:06.446000,167109,2,5883,0.35,PACF,12545
CYCU,20250717 04:13:06.446000,167132,3,6460,0.35,PACF,12545
CYCU,20250717 04:13:57.269000,174561,1,6547,0.37,EDGX,12545
CYCU,20250717 04:14:11.090000,176123,1,6548,0.36,EDGX,12545
CYCU,20250717 04:16:42.669000,200219,300,10191,0.36,MEMX,12545
CYCU,20250717 04:16:42.669000,200216,199,9491,0.36,EDGX,12545
CYCU,20250717 04:16:42.669000,200210,1001,7586,0.36,PACF,12545
CYCU,20250717 04:16:42.669000,200209,37,6585,0.36,NQEX,12545
CYCU,20250717 04:16:42.669000,200211,1001,8587,0.36,PACF,12545
CYCU,20250717 04:16:42.669000,200214,63,9255,0.36,NQEX,12545
CYCU,20250717 04:16:42.669000,200218,100,9891,0.36,MEMX,12545
CYCU,20250717 04:16:42.669000,200215,37,9292,0.36,NQEX,12545
CYCU,20250717 04:16:42.669000,200217,300,9791,0.36,EDGX,12545
CYCU,20250717 04:16:42.669000,200220,400,10591,0.36,MEMX,12545
CYCU,20250717 04:16:42.669000,200213,600,9192,0.36,PACF,12545
CYCU,20250717 04:16:42.669000,200212,5,8592,0.36,PACF,12545
CYCU,20250717 04:16:42.671000,200221,300,10891,0.36,PACF,12545
CYCU,20250717 04:16:42.672000,200223,300,20250,0.35,PACF,12545
CYCU,20250717 04:16:42.672000,200225,9236,31151,0.36,PACF,12545
CYCU,20250717 04:16:42.672000,200222,9059,19950,0.36,PACF,12545
CYCU,20250717 04:16:42.672000,200224,1665,21915,0.35,PACF,12545
CYCU,20250717 04:16:42.674000,200226,2002,33153,0.36,PACF,12545
CYCU,20250717 04:17:36.551000,209961,30,33183,0.35,PACF,12545
CYCU,20250717 04:18:33.769000,218579,1428,34611,0.35,PACF,12545
CYCU,20250717 04:18:33.769000,218580,1050,35661,0.35,PACF,12545
CYCU,20250717 04:18:48.858000,220408,53,35714,0.35,PACF,12545
CYCU,20250717 04:19:01.134000,222301,196,35910,0.35,PACF,12545
CYCU,20250717 04:19:01.134000,222302,704,36614,0.36,PACF,12545
CYCU,20250717 04:19:03.082000,222523,228,36842,0.36,PACF,12545
CYCU,20250717 04:19:17.728000,224754,1,36843,0.35,EDGX,12545
CYCU,20250717 04:19:24.101000,225451,1,36844,0.36,PACF,12545
CYCU,20250717 04:20:06.661000,231535,1,36845,0.36,PACF,12545
CYCU,20250717 04:20:16.749000,233250,6000,42845,0.36,PACF,12545
CYCU,20250717 04:20:31.970000,235061,60,42905,0.36,PACF,12545
CYCU,20250717 04:21:15.912000,243579,7,42912,0.36,PACF,12545
CYCU,20250717 04:23:38.167000,276367,439,43351,0.36,PACF,12545
CYCU,20250717 04:23:54.058000,279295,10,43361,0.36,PACF,12545
CYCU,20250717 04:24:02.179000,281442,274,43635,0.36,PACF,12545
CYCU,20250717 04:24:02.180000,281445,4064,52396,0.36,BATS,12545
CYCU,20250717 04:24:02.180000,281444,2447,48332,0.36,BATS,12545
CYCU,20250717 04:24:02.180000,281443,2250,45885,0.36,BATS,12545
CYCU,20250717 04:24:10.662000,283024,21,52417,0.36,PACF,12545
CYCU,20250717 04:25:18.654000,294863,1,52418,0.37,EDGX,12545
CYCU,20250717 04:25:25.783000,296014,1,52419,0.37,EDGX,12545
CYCU,20250717 04:27:17.931000,312352,1,52420,0.37,EDGX,12545
CYCU,20250717 04:29:14.300000,327748,100,52573,0.36,EDGX,12545
CYCU,20250717 04:29:14.300000,327747,53,52473,0.36,PACF,12545
CYCU,20250717 04:29:44.767000,333523,300,52873,0.37,EDGX,12545
CYCU,20250717 04:29:44.767000,333524,100,52973,0.37,EDGX,12545
CYCU,20250717 04:29:45.337000,333592,3,52976,0.37,EDGX,12545
CYCU,20250717 04:30:37.551000,341070,200,53176,0.37,EDGX,12545
CYCU,20250717 04:31:45.453000,350817,300,53476,0.36,PACF,12545
CYCU,20250717 04:31:45.453000,350818,99,53575,0.36,PACF,12545
CYCU,20250717 04:31:45.453000,350819,100,53675,0.36,MEMX,12545
CYCU,20250717 04:31:45.453000,350820,421,54096,0.36,PACF,12545
CYCU,20250717 04:42:45.009000,452754,1,54097,0.37,PACF,12545
CYCU,20250717 04:44:24.561000,463468,1,54098,0.37,PACF,12545
CYCU,20250717 04:45:56.331000,472520,200,54298,0.36,NQEX,12545
CYCU,20250717 04:49:58.938000,508827,80,54378,0.36,PACF,12545
CYCU,20250717 04:49:58.938000,508828,300,54678,0.36,NQEX,12545
CYCU,20250717 04:49:58.939000,508833,300,55178,0.36,NQEX,12545
CYCU,20250717 04:49:58.939000,508831,100,54778,0.36,NQEX,12545
CYCU,20250717 04:49:58.939000,508832,100,54878,0.36,NQEX,12545
CYCU,20250717 04:49:58.939000,508837,1102,56580,0.36,NQEX,12545
CYCU,20250717 04:49:58.939000,508836,100,55478,0.36,NQEX,12545
CYCU,20250717 04:49:58.939000,508835,100,55378,0.36,PACF,12545
CYCU,20250717 04:49:58.939000,508834,100,55278,0.36,PACF,12545
CYCU,20250717 04:55:23.444000,548804,16,56596,0.36,PACF,12545
CYCU,20250717 04:59:27.956000,586435,1,56597,0.36,PACF,12545
CYCU,20250717 04:59:36.061000,587969,697,57412,0.36,PACF,12545
CYCU,20250717 04:59:36.061000,587968,100,56715,0.36,NQEX,12545
CYCU,20250717 04:59:36.061000,587967,9,56615,0.36,PACF,12545
CYCU,20250717 04:59:36.061000,587966,9,56606,0.36,PACF,12545
CYCU,20250717 05:00:18.624000,592134,100,57512,0.36,NQEX,12545
CYCU,20250717 05:00:18.624000,592135,300,57812,0.36,NQEX,12545
CYCU,20250717 05:27:00.926000,765222,1,57813,0.36,PACF,12545
CYCU,20250717 05:32:06.013000,800572,300,58113,0.36,PACF,12545
CYCU,20250717 05:32:06.013000,800573,144,58257,0.36,PACF,12545
CYCU,20250717 05:36:52.743000,826020,117,58374,0.37,EDGX,12545
CYCU,20250717 05:37:03.508000,827036,183,58557,0.37,EDGX,12545
CYCU,20250717 05:37:03.508000,827037,117,58674,0.37,EDGX,12545
CYCU,20250717 05:37:12.608000,827720,100,58774,0.37,EDGX,12545
CYCU,20250717 05:40:17.393000,846095,200,62843,0.36,BATS,12545
CYCU,20250717 05:40:17.393000,846093,5,62343,0.36,PACF,12545
CYCU,20250717 05:40:17.393000,846092,500,62338,0.36,PACF,12545
CYCU,20250717 05:40:17.393000,846086,300,59074,0.36,PACF,12545
CYCU,20250717 05:40:17.393000,846091,408,61838,0.36,PACF,12545
CYCU,20250717 05:40:17.393000,846094,300,62643,0.36,BATS,12545
CYCU,20250717 05:40:17.393000,846090,1856,61430,0.36,PACF,12545
CYCU,20250717 05:40:17.393000,846089,100,59574,0.36,PACF,12545
CYCU,20250717 05:40:17.393000,846088,100,59474,0.36,PACF,12545
CYCU,20250717 05:40:17.393000,846087,300,59374,0.36,PACF,12545
CYCU,20250717 05:40:17.395000,846096,300,63143,0.36,PACF,12545
CYCU,20250717 05:41:17.395000,851628,349,64332,0.36,PACF,12545
CYCU,20250717 05:41:17.395000,851627,840,63983,0.36,PACF,12545
CYCU,20250717 05:42:24.019000,856752,4082,68414,0.36,PACF,12545
CYCU,20250717 05:45:15.892000,871016,140,68554,0.36,NQEX,12545
CYCU,20250717 05:45:26.239000,871797,100,68814,0.36,PACF,12545
CYCU,20250717 05:45:26.239000,871796,160,68714,0.36,NQEX,12545
CYCU,20250717 05:46:28.396000,876640,100,68914,0.36,MEMX,12545
CYCU,20250717 05:46:28.396000,876641,100,69014,0.35,EDGX,12545
CYCU,20250717 05:46:28.396000,876642,100,69114,0.36,PACF,12545
CYCU,20250717 05:46:28.396000,876643,10,69124,0.36,PACF,12545
CYCU,20250717 05:46:28.396000,876646,114,69399,0.35,PACF,12545
CYCU,20250717 05:46:28.396000,876647,100,69499,0.35,PACF,12545
CYCU,20250717 05:46:28.396000,876645,100,69285,0.36,PACF,12545
CYCU,20250717 05:46:28.396000,876644,61,69185,0.36,PACF,12545
CYCU,20250717 05:46:57.051000,878999,8,69507,0.36,PACF,12545
CYCU,20250717 05:48:18.085000,884620,327,69834,0.35,PACF,12545
CYCU,20250717 05:53:02.633000,904978,100,69934,0.35,PACF,12545
CYCU,20250717 05:53:31.984000,908138,7849,77856,0.36,PACF,12545
CYCU,20250717 05:53:31.984000,908137,73,70007,0.35,PACF,12545
CYCU,20250717 05:54:07.342000,912733,2095,79951,0.36,PACF,12545
CYCU,20250717 05:54:07.342000,912734,7905,87856,0.36,PACF,12545
CYCU,20250717 06:02:25.556000,965568,78,87934,0.36,PACF,12545
CYCU,20250717 06:04:30.894000,977318,1,87935,0.35,EDGX,12545
CYCU,20250717 06:04:57.378000,979079,78,88013,0.35,EDGX,12545
CYCU,20250717 06:04:57.648000,979081,531,88544,0.35,PACF,12545
CYCU,20250717 06:04:57.649000,979082,100,88644,0.35,PACF,12545
CYCU,20250717 06:08:19.415000,1004589,800,89444,0.36,PACF,12545
CYCU,20250717 06:10:26.017000,1015840,50,89494,0.36,PACF,12545
CYCU,20250717 06:14:58.161000,1041288,1,89495,0.36,PACF,12545
CYCU,20250717 06:15:04.828000,1041676,1,89496,0.35,EDGX,12545
CYCU,20250717 06:17:57.984000,1061211,1000,90496,0.36,PACF,12545
CYCU,20250717 06:18:14.589000,1063766,1774,92270,0.36,PACF,12545
CYCU,20250717 06:20:11.055000,1085541,714,92984,0.35,PACF,12545
CYCU,20250717 06:20:11.055000,1085542,100,93084,0.35,EDGX,12545
CYCU,20250717 06:20:11.056000,1085543,1111,94195,0.35,PACF,12545
CYCU,20250717 06:26:11.485000,1144709,6,94201,0.35,EDGX,12545
CYCU,20250717 06:32:03.349000,1185403,2,94203,0.36,PACF,12545
CYCU,20250717 06:33:26.762000,1193852,10,94213,0.35,EDGX,12545
CYCU,20250717 06:40:22.672000,1246460,1,94214,0.36,PACF,12545
CYCU,20250717 06:40:30.106000,1247463,1,94215,0.36,PACF,12545
CYCU,20250717 06:43:57.411000,1276151,400,94615,0.36,PACF,12545
CYCU,20250717 06:44:29.729000,1279398,100,94715,0.36,PACF,12545
CYCU,20250717 06:45:41.819000,1292466,2,94717,0.35,EDGX,12545
CYCU,20250717 06:47:52.128000,1309968,1230,96354,0.36,PACF,12545
CYCU,20250717 06:47:52.128000,1309967,300,95124,0.36,PACF,12545
CYCU,20250717 06:47:52.128000,1309966,107,94824,0.36,PACF,12545
CYCU,20250717 06:47:58.130000,1310860,50,96404,0.36,PACF,12545
CYCU,20250717 06:55:58.678000,1374925,214,96618,0.36,PACF,12545
CYCU,20250717 06:57:30.449000,1389378,161,96779,0.36,PACF,12545
CYCU,20250717 06:59:49.165000,1407530,10,96789,0.36,PACF,12545
CYCU,20250717 07:03:25.855000,1483407,1,96790,0.36,EDGX,12545
CYCU,20250717 07:03:35.730000,1486161,1,96791,0.36,EDGX,12545
CYCU,20250717 07:04:03.392000,1492817,1,96792,0.36,EDGX,12545
CYCU,20250717 07:15:01.122000,1650954,100,96892,0.36,PACF,12545
CYCU,20250717 07:23:39.730000,1722600,56,96948,0.36,MEMX,12545
CYCU,20250717 07:24:57.384000,1738077,23,97348,0.35,EDGX,12545
CYCU,20250717 07:24:57.384000,1738076,100,97325,0.35,NQEX,12545
CYCU,20250717 07:24:57.384000,1738075,277,97225,0.35,PACF,12545
CYCU,20250717 07:24:57.384000,1738078,100,97448,0.35,EDGX,12545
CYCU,20250717 07:25:15.221000,1741346,100,97948,0.35,EDGX,12545
CYCU,20250717 07:25:15.221000,1741348,100,98248,0.35,EDGX,12545
CYCU,20250717 07:25:15.221000,1741345,100,97848,0.35,NQEX,12545
CYCU,20250717 07:25:15.221000,1741344,300,97748,0.35,PACF,12545
CYCU,20250717 07:25:15.221000,1741347,200,98148,0.35,EDGX,12545
CYCU,20250717 07:26:47.545000,1755014,277,98525,0.35,PACF,12545
CYCU,20250717 07:27:20.371000,1759707,77,98602,0.35,EDGX,12545
CYCU,20250717 07:32:53.048000,1809872,100,98702,0.35,EDGX,12545
CYCU,20250717 07:41:34.771000,1916779,1,98703,0.35,PACF,12545
CYCU,20250717 07:50:51.117000,1991100,100,98803,0.35,EDGX,12545
CYCU,20250717 07:50:51.118000,1991101,3,98806,0.35,EDGX,12545
CYCU,20250717 07:50:51.118000,1991102,471,99277,0.35,EDGX,12545
CYCU,20250717 07:55:17.229000,2027896,10000,109277,0.35,PACF,12545
CYCU,20250717 07:55:17.229000,2027897,529,109806,0.35,EDGX,12545
CYCU,20250717 07:56:00.797000,2034434,300,110106,0.35,PACF,12545
CYCU,20250717 07:56:00.797000,2034435,3639,113745,0.35,PACF,12545
CYCU,20250717 07:56:00.797000,2034436,767,114512,0.35,PACF,12545
CYCU,20250717 07:57:20.563000,2044452,529,115041,0.36,PACF,12545
CYCU,20250717 07:58:13.663000,2050873,300,115341,0.35,NQEX,12545
CYCU,20250717 07:58:13.665000,2050874,2455,117796,0.35,NQEX,12545
CYCU,20250717 07:59:06.119000,2056246,20,117816,0.35,NQEX,12545
CYCU,20250717 08:00:00.166000,2075955,1000,118816,0.36,NQNX,12545
CYCU,20250717 08:00:00.210000,2079941,174,118990,0.35,NQNX,12545
CYCU,20250717 08:00:00.261000,2084807,1,119005,0.35,NQNX,12545
CYCU,20250717 08:00:00.261000,2084744,14,119004,0.35,NQNX,12545
CYCU,20250717 08:00:00.262000,2084838,1,119006,0.35,NQNX,12545
CYCU,20250717 08:00:00.301000,2088358,500,119506,0.35,NQNX,12545
CYCU,20250717 08:00:00.426000,2094560,1,119507,0.36,NQNX,12545
CYCU,20250717 08:00:00.468000,2096216,1,119508,0.36,NQNX,12545
CYCU,20250717 08:00:00.476000,2096621,369,119877,0.36,NQNX,12545
CYCU,20250717 08:00:00.560000,2100034,500,120377,0.35,NQNX,12545
CYCU,20250717 08:00:00.821000,2110580,200,120577,0.36,NQNX,12545
CYCU,20250717 08:00:00.893000,2113970,10,120587,0.36,NQNX,12545
CYCU,20250717 08:00:00.908000,2114676,5500,126087,0.36,NTRF,12545
CYCU,20250717 08:00:00.980000,2118030,77,126164,0.36,NQNX,12545
CYCU,20250717 08:00:01.017000,2119697,690,126854,0.36,NQNX,12545
CYCU,20250717 08:00:01.159000,2127098,250,127104,0.35,NTRF,12545
CYCU,20250717 08:00:01.213000,2130085,1,127105,0.36,NQNX,12545
CYCU,20250717 08:00:01.214000,2130157,1,127106,0.36,NQNX,12545
CYCU,20250717 08:00:01.249000,2131816,5,127111,0.36,NTRF,12545
CYCU,20250717 08:00:01.257000,2132244,566,127677,0.35,NQNX,12545
CYCU,20250717 08:00:01.304000,2134473,121,127798,0.35,NTRF,12545
CYCU,20250717 08:00:01.327000,2135523,4,127802,0.35,NQNX,12545
CYCU,20250717 08:00:01.444000,2141392,15,127817,0.35,NQNX,12545
CYCU,20250717 08:00:01.586000,2148320,50,127867,0.36,NTRF,12545
CYCU,20250717 08:00:01.754000,2156708,150,128017,0.36,NTRF,12545
CYCU,20250717 08:00:01.977000,2164783,1,128018,0.38,NQNX,12545
CYCU,20250717 08:00:02.162000,2168612,1,128019,0.36,NQNX,12545
CYCU,20250717 08:00:02.242000,2170551,666,128685,0.36,NQNX,12545
CYCU,20250717 08:00:02.628000,2179234,400,129085,0.37,NTRF,12545
CYCU,20250717 08:00:03.237000,2192131,2455,131540,0.35,NQNX,12545
CYCU,20250717 08:00:03.295000,2193344,20,131560,0.35,NQNX,12545
CYCU,20250717 08:00:04.086000,2204224,1,131561,0.35,NQNX,12545
CYCU,20250717 08:00:04.120000,2204627,23,131584,0.35,NQNX,12545
CYCU,20250717 08:00:04.423000,2207907,2,131586,0.36,NQNX,12545
CYCU,20250717 08:00:04.845000,2212764,9,131595,0.36,NQNX,12545
CYCU,20250717 08:00:04.846000,2212766,1,131596,0.36,NQNX,12545
CYCU,20250717 08:00:04.915000,2213515,159,131755,0.35,NQNX,12545
CYCU,20250717 08:00:05.006000,2214663,500,132255,0.36,NQNX,12545
CYCU,20250717 08:00:05.011000,2214764,1,132256,0.36,NQNX,12545
CYCU,20250717 08:00:05.012000,2214797,223,132479,0.35,NQNX,12545
CYCU,20250717 08:00:05.042000,2215609,1,132480,0.36,NQNX,12545
CYCU,20250717 08:00:05.058000,2215995,30,132510,0.36,NQNX,12545
CYCU,20250717 08:00:05.084000,2217143,900,133410,0.36,NQNX,12545
CYCU,20250717 08:00:05.188000,2219813,6,133416,0.36,NQNX,12545
CYCU,20250717 08:00:05.198000,2220066,10,133426,0.36,NQNX,12545
CYCU,20250717 08:00:05.301000,2222266,10,133436,0.35,NQNX,12545
CYCU,20250717 08:00:05.314000,2222472,50,133486,0.35,NQNX,12545
CYCU,20250717 08:00:05.387000,2223774,14,133500,0.36,NQNX,12545
CYCU,20250717 08:00:05.401000,2224119,1,133501,0.36,NQNX,12545
CYCU,20250717 08:00:05.403000,2224150,1,133502,0.35,NQNX,12545
CYCU,20250717 08:00:05.458000,2225387,75,133577,0.36,NQNX,12545
CYCU,20250717 08:00:05.461000,2225509,1,133578,0.35,NQNX,12545
CYCU,20250717 08:00:05.566000,2228205,10,133588,0.36,NQNX,12545
CYCU,20250717 08:00:05.696000,2231384,1,133589,0.35,NQNX,12545
CYCU,20250717 08:00:05.866000,2235409,500,134089,0.36,NQNX,12545
CYCU,20250717 08:00:05.866000,2235417,223,134312,0.35,NQNX,12545
CYCU,20250717 08:00:06.061000,2240423,1,134313,0.36,NQNX,12545
CYCU,20250717 08:00:06.165000,2242777,6520,140833,0.35,NQNX,12545
CYCU,20250717 08:00:06.170000,2242902,300,141133,0.36,NQNX,12545
CYCU,20250717 08:00:06.189000,2243349,100,141233,0.35,NQNX,12545
CYCU,20250717 08:00:06.498000,2251283,1,141234,0.35,NQNX,12545
CYCU,20250717 08:00:06.595000,2253663,1,141235,0.35,NQNX,12545
CYCU,20250717 08:00:06.595000,2253672,1,141236,0.35,NQNX,12545
CYCU,20250717 08:00:09.385000,2302728,11,141247,0.37,NQNX,12545
CYCU,20250717 08:00:10.055000,2314506,1,141248,0.37,NQNX,12545
CYCU,20250717 08:00:11.297000,2328874,400,141648,0.37,NQNX,12545
CYCU,20250717 08:00:13.321000,2346278,1,141649,0.37,NQNX,12545
CYCU,20250717 08:00:13.340000,2346413,290,141939,0.37,NQNX,12545
CYCU,20250717 08:00:15.044000,2359199,1,141940,0.37,NQNX,12545
CYCU,20250717 08:00:15.844000,2366192,296,142236,0.36,NQNX,12545
CYCU,20250717 08:00:16.411000,2371469,577,142813,0.36,NQNX,12545
CYCU,20250717 08:00:17.788000,2383903,1,142814,0.35,NQNX,12545
CYCU,20250717 08:00:17.857000,2384612,250,143064,0.36,NQNX,12545
CYCU,20250717 08:00:18.585000,2390722,500,143564,0.36,NQNX,12545
CYCU,20250717 08:00:18.872000,2393195,1,143565,0.36,NQNX,12545
CYCU,20250717 08:00:19.140000,2395356,61,143626,0.36,NQNX,12545
CYCU,20250717 08:00:19.884000,2401348,1000,144626,0.39,NTRF,12545
CYCU,20250717 08:00:20.117000,2403095,1,144627,0.36,NQNX,12545
CYCU,20250717 08:00:20.227000,2403890,500,145127,0.36,NQNX,12545
CYCU,20250717 08:00:20.553000,2406320,500,145627,0.36,NQNX,12545
CYCU,20250717 08:00:21.133000,2410971,1,145628,0.35,NQNX,12545
CYCU,20250717 08:00:40.950000,2457227,10000,155628,0.36,NQNX,12545
CYCU,20250717 08:02:15.829000,2500401,215,155843,0.36,NQEX,12545
CYCU,20250717 08:02:15.829000,2500403,8,158812,0.36,PACF,12545
CYCU,20250717 08:02:15.829000,2500402,2961,158804,0.36,PACF,12545
CYCU,20250717 08:03:25.168000,2522070,2700,161512,0.36,NQNX,12545
CYCU,20250717 08:03:25.168000,2522071,755,162267,0.36,NQEX,12545
CYCU,20250717 08:03:25.168000,2522072,2100,164367,0.36,NQNX,12545
CYCU,20250717 08:03:25.169000,2522074,2100,169167,0.35,NQNX,12545
CYCU,20250717 08:03:25.169000,2522073,2700,167067,0.35,NQNX,12545
CYCU,20250717 08:03:25.170000,2522075,755,169922,0.35,NQNX,12545
CYCU,20250717 08:03:28.234000,2522866,10,169932,0.36,NQNX,12545
CYCU,20250717 08:03:54.885000,2532172,10,169942,0.36,NQNX,12545
CYCU,20250717 08:04:53.752000,2553806,4000,173942,0.36,NQNX,12545
CYCU,20250717 08:06:32.769000,2587449,1300,175242,0.36,NQNX,12545
CYCU,20250717 08:06:53.994000,2594034,180,175422,0.36,NQNX,12545
CYCU,20250717 08:07:02.319000,2596189,5,175427,0.36,NQNX,12545
CYCU,20250717 08:07:28.430000,2602704,300,175727,0.35,PACF,12545
CYCU,20250717 08:07:28.432000,2602705,2867,178594,0.35,PACF,12545
CYCU,20250717 08:07:28.434000,2602707,5413,184007,0.35,NQEX,12545
CYCU,20250717 08:07:28.435000,2602708,10,184017,0.35,PACF,12545
CYCU,20250717 08:07:28.435000,2602709,10,184027,0.35,PACF,12545
CYCU,20250717 08:08:28.123000,2621775,100,184127,0.35,NQNX,12545
CYCU,20250717 08:09:07.865000,2639488,9,184136,0.35,NQNX,12545
CYCU,20250717 08:09:15.531000,2641591,2,184138,0.36,NQNX,12545
CYCU,20250717 08:11:21.737000,2674688,50,184188,0.35,NQNX,12545
CYCU,20250717 08:11:25.324000,2676116,50,184238,0.35,PACF,12545
CYCU,20250717 08:11:25.327000,2676117,785,185023,0.35,NQEX,12545
CYCU,20250717 08:15:33.840000,2745052,50,185073,0.36,NQNX,12545
CYCU,20250717 08:19:15.912000,2807004,7296,192369,0.36,NQNX,12545
CYCU,20250717 08:19:27.045000,2812230,50,192419,0.36,NQNX,12545
CYCU,20250717 08:21:00.214000,2841720,250,192669,0.36,NQNX,12545
CYCU,20250717 08:21:45.626000,2854880,3000,225669,0.35,NQEX,12545
CYCU,20250717 08:21:45.626000,2854881,3000,228669,0.35,NQEX,12545
CYCU,20250717 08:21:45.626000,2854879,30000,222669,0.35,NQEX,12545
CYCU,20250717 08:23:35.585000,2887972,300,228969,0.36,NQNX,12545
CYCU,20250717 08:23:47.211000,2890553,8600,237569,0.35,NQEX,12545
CYCU,20250717 08:23:47.212000,2890554,2250,239819,0.35,NQEX,12545
CYCU,20250717 08:25:41.312000,2916905,9390,249209,0.35,NQEX,12545
CYCU,20250717 08:27:22.724000,2941961,5000,254209,0.35,NQNX,12545
CYCU,20250717 08:28:35.345000,2956269,1,254210,0.35,NQNX,12545
CYCU,20250717 08:28:38.712000,2957478,300,254510,0.35,MEMX,12545
CYCU,20250717 08:28:38.714000,2957479,56,254566,0.35,MEMX,12545
CYCU,20250717 08:29:09.088000,2965885,1,254567,0.35,NQEX,12545
CYCU,20250717 08:30:11.833000,2986074,1500,256067,0.36,NTRF,12545
CYCU,20250717 08:30:18.038000,2989647,300,256367,0.36,NTRF,12545
CYCU,20250717 08:31:01.950000,3010571,1100,257467,0.36,NQNX,12545
CYCU,20250717 08:31:01.956000,3010572,2400,259867,0.36,NQNX,12545
CYCU,20250717 08:31:03.749000,3011194,53,259920,0.36,EDGX,12545
CYCU,20250717 08:31:19.099000,3018808,4,259924,0.35,NQNX,12545
CYCU,20250717 08:32:31.236000,3044250,20,259944,0.35,MEMX,12545
CYCU,20250717 08:33:19.658000,3065419,345,260289,0.35,MEMX,12545
CYCU,20250717 08:34:43.003000,3099467,200,260489,0.36,NQNX,12545
CYCU,20250717 08:35:39.514000,3126696,47,284240,0.35,EDGX,12545
CYCU,20250717 08:35:39.514000,3126690,6000,266489,0.36,NQEX,12545
CYCU,20250717 08:35:39.514000,3126692,30,268419,0.36,NQEX,12545
CYCU,20250717 08:35:39.514000,3126697,900,285140,0.35,EDGX,12545
CYCU,20250717 08:35:39.514000,3126698,47,285187,0.36,EDGX,12545
CYCU,20250717 08:35:39.514000,3126691,1900,268389,0.36,MEMX,12545
CYCU,20250717 08:35:39.514000,3126693,1900,270319,0.36,EDGX,12545
CYCU,20250717 08:35:39.514000,3126694,13827,284146,0.36,NQNX,12545
CYCU,20250717 08:35:39.514000,3126695,47,284193,0.35,EDGX,12545
CYCU,20250717 08:37:00.161000,3163891,117,285304,0.36,PACF,12545
CYCU,20250717 08:37:08.404000,3168126,390,285694,0.36,NQNX,12545
CYCU,20250717 08:37:15.308000,3170986,4583,304465,0.36,PACF,12545
CYCU,20250717 08:37:15.308000,3170984,6279,299882,0.36,MEMX,12545
CYCU,20250717 08:37:15.308000,3170983,4600,293603,0.36,MEMX,12545
CYCU,20250717 08:37:15.308000,3170982,609,289003,0.36,EDGE,12545
CYCU,20250717 08:37:15.308000,3170981,2700,288394,0.36,NQNX,12545
CYCU,20250717 08:39:43.643000,3237632,1,304466,0.35,NQNX,12545
CYCU,20250717 08:39:44.423000,3238044,20,304486,0.36,NQNX,12545
CYCU,20250717 08:41:14.450000,3279000,1,304487,0.36,NQNX,12545
CYCU,20250717 08:42:02.881000,3300417,300,304787,0.36,PACF,12545
CYCU,20250717 08:42:02.882000,3300418,94,304881,0.36,PACF,12545
CYCU,20250717 08:42:02.882000,3300419,77,304958,0.36,PACF,12545
CYCU,20250717 08:42:08.853000,3303372,3,304961,0.36,NQNX,12545
CYCU,20250717 08:42:27.794000,3311015,779,305740,0.36,PACF,12545
CYCU,20250717 08:43:54.852000,3341857,100,305840,0.36,NTRF,12545
CYCU,20250717 08:44:04.724000,3344839,500,306340,0.35,NTRF,12545
CYCU,20250717 08:44:14.204000,3348336,25,306365,0.36,NQNX,12545
CYCU,20250717 08:44:50.548000,3359827,497,306862,0.36,NTRF,12545
CYCU,20250717 08:47:49.487000,3424207,300,307162,0.35,MEMX,12545
CYCU,20250717 08:47:49.487000,3424208,9700,316862,0.36,MEMX,12545
CYCU,20250717 08:49:37.513000,3466091,300,317162,0.35,MEMX,12545
CYCU,20250717 08:49:37.513000,3466092,2300,319462,0.36,MEMX,12545
CYCU,20250717 08:49:54.113000,3471829,17400,336862,0.36,NQNX,12545
CYCU,20250717 08:52:28.767000,3532914,9000,345862,0.36,NQNX,12545
CYCU,20250717 08:52:44.445000,3537100,1000,346862,0.36,PACF,12545
CYCU,20250717 08:53:54.360000,3562844,404,349362,0.36,PACF,12545
CYCU,20250717 08:53:54.360000,3562843,2096,348958,0.36,PACF,12545
CYCU,20250717 08:53:54.360000,3562846,6500,357958,0.36,NQNX,12545
CYCU,20250717 08:53:54.360000,3562845,2096,351458,0.36,PACF,12545
CYCU,20250717 08:54:03.843000,3566791,2766,360724,0.36,PACF,12545
CYCU,20250717 08:54:03.843000,3566793,7224,367958,0.36,PACF,12545
CYCU,20250717 08:54:03.843000,3566792,10,360734,0.36,PACF,12545
CYCU,20250717 08:55:35.840000,3606146,2452,371488,0.36,PACF,12545
CYCU,20250717 08:55:35.840000,3606145,5,369036,0.36,PACF,12545
CYCU,20250717 08:55:35.840000,3606144,439,369031,0.36,PACF,12545
CYCU,20250717 08:55:35.840000,3606143,634,368592,0.36,PACF,12545
CYCU,20250717 08:55:35.842000,3606149,2452,373940,0.36,EDGX,12545
CYCU,20250717 08:55:35.843000,3606154,1013,379857,0.36,NQEX,12545
CYCU,20250717 08:55:35.843000,3606153,1439,378844,0.36,NQEX,12545
CYCU,20250717 08:55:35.843000,3606152,1013,377405,0.36,NQEX,12545
CYCU,20250717 08:55:35.843000,3606151,2452,376392,0.36,MEMX,12545
CYCU,20250717 08:55:35.844000,3606156,1200,382496,0.36,PACF,12545
CYCU,20250717 08:55:35.844000,3606157,300,382796,0.36,PACF,12545
CYCU,20250717 08:55:35.844000,3606158,952,383748,0.36,PACF,12545
CYCU,20250717 08:55:35.844000,3606155,1439,381296,0.36,NQEX,12545
CYCU,20250717 08:55:35.846000,3606160,300,388066,0.36,EDGX,12545
CYCU,20250717 08:55:35.846000,3606159,4018,387766,0.36,EDGX,12545
CYCU,20250717 08:55:35.847000,3606161,2074,390140,0.36,EDGX,12545
CYCU,20250717 08:55:35.858000,3606162,300,390440,0.36,EDGX,12545
CYCU,20250717 08:55:35.858000,3606163,78,390518,0.36,EDGX,12545
CYCU,20250717 08:55:44.298000,3610885,2452,392970,0.36,EDGX,12545
CYCU,20250717 08:55:44.299000,3610889,300,393270,0.36,NQEX,12545
CYCU,20250717 08:55:44.299000,3610890,291,393561,0.36,NQEX,12545
CYCU,20250717 08:56:00.949000,3622056,10,393571,0.36,NQNX,12545
CYCU,20250717 08:56:13.842000,3629621,1,393572,0.36,NQNX,12545
CYCU,20250717 08:56:51.418000,3649387,100,393672,0.36,NQNX,12545
CYCU,20250717 08:59:17.654000,3715026,1000,394672,0.36,NQNX,12545
CYCU,20250717 09:00:01.409000,3730537,20,394692,0.36,NQNX,12545
CYCU,20250717 09:00:07.985000,3733013,500,395192,0.36,NQNX,12545
CYCU,20250717 09:00:27.756000,3740082,5,395197,0.36,PACF,12545
CYCU,20250717 09:00:27.756000,3740083,5,395202,0.36,PACF,12545
CYCU,20250717 09:00:57.359000,3752319,100,395302,0.36,NTRF,12545
CYCU,20250717 09:02:03.565000,3777948,3,395305,0.36,NQNX,12545
CYCU,20250717 09:03:00.438000,3797039,600,395905,0.36,NQNX,12545
CYCU,20250717 09:03:50.059000,3817975,600,396505,0.36,NQNX,12545
CYCU,20250717 09:04:23.279000,3833546,1000,397505,0.36,NQNX,12545
CYCU,20250717 09:04:36.445000,3839328,600,398105,0.36,NQNX,12545
CYCU,20250717 09:05:36.430000,3862560,1,398106,0.36,NQNX,12545
CYCU,20250717 09:05:55.727000,3869503,2500,400606,0.36,NQNX,12545
CYCU,20250717 09:05:55.727000,3869504,2500,403106,0.36,NQNX,12545
CYCU,20250717 09:05:55.729000,3869505,1100,404206,0.36,NQNX,12545
CYCU,20250717 09:06:07.909000,3874054,10,404216,0.36,MEMX,12545
CYCU,20250717 09:06:53.652000,3890245,5,404221,0.36,MEMX,12545
CYCU,20250717 09:06:54.438000,3890444,1,404222,0.36,NQNX,12545
CYCU,20250717 09:07:29.103000,3903144,300,404522,0.36,NTRF,12545
CYCU,20250717 09:08:06.363000,3917483,2000,406522,0.36,NQNX,12545
CYCU,20250717 09:08:14.945000,3919783,35,406557,0.36,NQNX,12545
CYCU,20250717 09:08:53.815000,3931249,298,406855,0.36,NQNX,12545
CYCU,20250717 09:08:59.883000,3932779,250,407105,0.36,NQNX,12545
CYCU,20250717 09:09:36.392000,3943177,1,407106,0.36,NQNX,12545
CYCU,20250717 09:10:00.564000,3949875,100,407206,0.36,NTRF,12545
CYCU,20250717 09:10:05.755000,3951033,665,407871,0.36,MEMX,12545
CYCU,20250717 09:10:05.756000,3951034,1000,408871,0.36,EDGX,12545
CYCU,20250717 09:10:05.756000,3951035,2935,411806,0.36,EDGX,12545
CYCU,20250717 09:10:26.550000,3957839,6000,417806,0.36,NQNX,12545
CYCU,20250717 09:10:26.552000,3957841,1600,419406,0.36,NQNX,12545
CYCU,20250717 09:10:26.552000,3957842,100,419506,0.36,NQNX,12545
CYCU,20250717 09:11:14.172000,3976738,1,419507,0.36,NQNX,12545
CYCU,20250717 09:14:22.355000,4048627,1,419508,0.36,NQNX,12545
CYCU,20250717 09:14:27.226000,4050544,60,419568,0.36,NQNX,12545
CYCU,20250717 09:14:33.777000,4052870,1,419569,0.36,NQNX,12545
CYCU,20250717 09:14:40.324000,4055575,1,419570,0.36,NQNX,12545
CYCU,20250717 09:14:53.736000,4060182,1,419571,0.36,NQNX,12545
CYCU,20250717 09:14:57.560000,4061528,1,419572,0.36,NQNX,12545
CYCU,20250717 09:15:01.473000,4062679,1,419573,0.36,NQNX,12545
CYCU,20250717 09:15:07.172000,4065759,1,419574,0.36,NQNX,12545
CYCU,20250717 09:15:13.874000,4068372,1,419575,0.36,NQNX,12545
CYCU,20250717 09:15:50.154000,4082687,1,419576,0.36,NQNX,12545
CYCU,20250717 09:18:32.171000,4139530,1,419577,0.36,PACF,12545
CYCU,20250717 09:18:51.805000,4146903,1,419578,0.36,NQNX,12545
CYCU,20250717 09:18:55.729000,4148223,1,419579,0.36,NQNX,12545
CYCU,20250717 09:18:59.054000,4149774,1,419580,0.36,NQNX,12545
CYCU,20250717 09:19:07.754000,4152869,100,419780,0.36,PACF,12545
CYCU,20250717 09:19:07.754000,4152868,100,419680,0.36,PACF,12545
CYCU,20250717 09:19:27.209000,4159940,200,419980,0.36,PACF,12545
CYCU,20250717 09:21:14.336000,4203541,300,420280,0.36,PACF,12545
CYCU,20250717 09:21:14.339000,4203545,2223,422503,0.36,NQEX,12545
CYCU,20250717 09:21:14.654000,4203637,598,423101,0.36,NQEX,12545
CYCU,20250717 09:22:14.851000,4229677,4,423105,0.36,NQNX,12545
CYCU,20250717 09:22:15.700000,4229961,90,423195,0.36,PACF,12545
CYCU,20250717 09:22:19.896000,4231752,162,423357,0.36,PACF,12545
CYCU,20250717 09:24:18.625000,4280876,200,423557,0.36,NQEX,12545
CYCU,20250717 09:25:00.076000,4303268,5,427662,0.36,NQEX,12545
CYCU,20250717 09:25:00.076000,4303264,4100,427657,0.36,NQEX,12545
CYCU,20250717 09:25:00.077000,4303309,405,433453,0.35,MEMX,12545
CYCU,20250717 09:25:00.077000,4303308,3421,433048,0.36,PACF,12545
CYCU,20250717 09:25:00.077000,4303303,500,429627,0.35,MEMX,12545
CYCU,20250717 09:25:00.077000,4303292,558,429127,0.36,EDGX,12545
CYCU,20250717 09:25:00.077000,4303288,907,428569,0.36,EDGX,12545
CYCU,20250717 09:25:00.077000,4303310,1579,435032,0.36,PACF,12545
CYCU,20250717 09:25:00.077000,4303311,58,435090,0.36,PACF,12545
CYCU,20250717 09:25:00.077000,4303312,5,435095,0.35,MEMX,12545
CYCU,20250717 09:25:00.077000,4303322,2,435097,0.35,PACF,12545
CYCU,20250717 09:25:02.049000,4305864,6,435103,0.36,NQNX,12545
CYCU,20250717 09:25:37.318000,4327137,300,435403,0.35,PACF,12545
CYCU,20250717 09:25:37.318000,4327138,200,435603,0.36,PACF,12545
CYCU,20250717 09:25:58.898000,4336665,51,435654,0.35,PACF,12545
CYCU,20250717 09:26:48.129000,4356608,21,435675,0.36,NQNX,12545
CYCU,20250717 09:26:52.555000,4358346,3,435678,0.35,PACF,12545
CYCU,20250717 09:26:55.632000,4359345,1,435679,0.35,PACF,12545
CYCU,20250717 09:30:00.353000,4462732,22380,458059,0.36,NQEX,12606
CYCU,20250717 09:30:00.353000,4462737,22380,480439,0.36,NQEX,12610
CYCU,20250717 09:30:00.544000,4473713,4,480443,0.35,NQNX,12659
CYCU,20250717 09:30:00.826000,4490757,2267,482710,0.36,NTRF,12640
CYCU,20250717 09:30:02.158000,4581024,112,482822,0.36,NTRF,12640
CYCU,20250717 09:30:10.081000,4730129,10,482832,0.35,NQNX,12659
CYCU,20250717 09:30:20.973000,4818804,55,482887,0.35,NQNX,12659
CYCU,20250717 09:30:33.914000,4896590,1392,485687,0.35,PACF,12639
CYCU,20250717 09:30:33.914000,4896591,300,485987,0.35,PACF,12639
CYCU,20250717 09:30:33.914000,4896588,300,483995,0.35,PACF,12610
CYCU,20250717 09:30:33.914000,4896589,300,484295,0.35,PACF,12639
CYCU,20250717 09:30:33.914000,4896587,300,483695,0.35,PACF,12639
CYCU,20250717 09:30:33.914000,4896584,408,483295,0.35,NQEX,12639
CYCU,20250717 09:30:33.914000,4896586,100,483395,0.35,EDGX,12639
CYCU,20250717 09:30:33.915000,4896593,3000,488987,0.35,NQNX,12544
CYCU,20250717 09:30:33.915000,4896594,92,489079,0.35,NQNX,12659
CYCU,20250717 09:30:34.549000,4900090,500,489579,0.35,NQNX,12544
CYCU,20250717 09:30:34.550000,4900094,500,490079,0.35,NTRF,12544
CYCU,20250717 09:30:34.554000,4900134,400,490479,0.35,NQNX,12544
CYCU,20250717 09:30:34.556000,4900150,400,490879,0.35,NTRF,12544
CYCU,20250717 09:30:34.559000,4900178,400,491279,0.35,NQNX,12544
CYCU,20250717 09:30:34.560000,4900179,400,491679,0.35,NTRF,12544
CYCU,20250717 09:30:34.563000,4900181,400,492079,0.35,NQNX,12544
CYCU,20250717 09:30:34.565000,4900187,400,492479,0.35,NTRF,12544
CYCU,20250717 09:30:34.568000,4900197,400,492879,0.35,NQNX,12544
CYCU,20250717 09:30:34.569000,4900200,400,493279,0.35,NTRF,12544
CYCU,20250717 09:30:34.572000,4900211,400,493679,0.35,NQNX,12544
CYCU,20250717 09:30:34.573000,4900217,400,494079,0.35,NTRF,12544
CYCU,20250717 09:30:38.028000,4917893,100,494179,0.35,NQNX,12544
CYCU,20250717 09:30:41.241000,4932974,100,494279,0.35,NQNX,12544
CYCU,20250717 09:30:42.957000,4940171,2,494281,0.35,NQNX,12659
CYCU,20250717 09:30:44.270000,4946279,100,494381,0.35,NQNX,12544
CYCU,20250717 09:30:47.335000,4960882,100,494481,0.35,NQNX,12544
CYCU,20250717 09:30:50.436000,4975231,100,494581,0.35,NQNX,12544
CYCU,20250717 09:30:54.626000,4993041,100,494681,0.35,NQNX,12544
CYCU,20250717 09:30:58.882000,5010255,100,494781,0.35,NQNX,12544
CYCU,20250717 09:31:03.202000,5035979,100,494881,0.35,NQNX,12544
CYCU,20250717 09:31:07.588000,5069250,100,494981,0.35,NQNX,12544
CYCU,20250717 09:31:09.355000,5079638,60,495041,0.35,NQNX,12659
CYCU,20250717 09:31:12.720000,5099612,100,495141,0.35,NQNX,12544
CYCU,20250717 09:31:17.824000,5127019,100,495241,0.35,NQNX,12544
CYCU,20250717 09:31:22.944000,5159037,100,495341,0.35,NQNX,12544
CYCU,20250717 09:31:28.145000,5189782,100,495441,0.35,NQNX,12544
CYCU,20250717 09:31:32.413000,5214566,50,495491,0.35,NQNX,12659
CYCU,20250717 09:31:43.482000,5278782,1,495492,0.35,NQNX,12659
CYCU,20250717 09:32:02.974000,5378653,6,495498,0.35,NTRF,12659
CYCU,20250717 09:32:10.552000,5418113,5000,500498,0.35,NQNX,12544
CYCU,20250717 09:32:13.084000,5434266,100,500598,0.35,NQNX,12544
CYCU,20250717 09:32:16.689000,5452939,84,501682,0.35,PACF,12659
CYCU,20250717 09:32:16.689000,5452937,300,501298,0.35,BATY,12639
CYCU,20250717 09:32:16.689000,5452938,300,501598,0.35,EDGE,12639
CYCU,20250717 09:32:16.689000,5452935,100,500698,0.35,NQEX,12639
CYCU,20250717 09:32:16.689000,5452936,300,500998,0.35,NQEX,12639
CYCU,20250717 09:32:19.546000,5467175,2500,504182,0.35,NQNX,12544
CYCU,20250717 09:32:20.416000,5470916,200,504382,0.35,NQNX,12544
CYCU,20250717 09:32:26.814000,5502981,100,504482,0.35,NQNX,12544
CYCU,20250717 09:32:27.479000,5505894,950,505432,0.35,NTRF,12544
CYCU,20250717 09:32:30.053000,5519545,100,505532,0.35,NQNX,12544
CYCU,20250717 09:32:34.414000,5542831,100,505632,0.35,NQNX,12544
CYCU,20250717 09:32:37.661000,5565081,20,505652,0.35,NTRF,12659
CYCU,20250717 09:32:39.774000,5579619,100,505752,0.35,NQNX,12544
CYCU,20250717 09:32:44.242000,5607904,100,505852,0.35,NQNX,12544
CYCU,20250717 09:32:49.895000,5633711,100,505952,0.35,NQNX,12544
CYCU,20250717 09:32:51.793000,5641783,1,505953,0.35,NQNX,12659
CYCU,20250717 09:32:53.150000,5647295,10,505963,0.35,NQNX,12659
CYCU,20250717 09:32:56.780000,5663773,100,506063,0.35,NQNX,12544
CYCU,20250717 09:32:59.443000,5673689,2500,508563,0.35,NQNX,12544
CYCU,20250717 09:33:02.268000,5686367,100,508663,0.35,NQNX,12544
CYCU,20250717 09:33:07.318000,5714300,100,508763,0.35,NQNX,12544
CYCU,20250717 09:33:14.806000,5750178,800,509563,0.35,NQNX,12544
CYCU,20250717 09:33:14.816000,5750223,100,509663,0.35,NQNX,12544
CYCU,20250717 09:33:14.816000,5750224,100,509763,0.35,NQNX,12544
CYCU,20250717 09:33:14.817000,5750228,335,510098,0.35,PACF,12639
CYCU,20250717 09:33:14.817000,5750229,165,510263,0.35,PACF,12639
CYCU,20250717 09:33:14.818000,5750230,100,510363,0.35,NQNX,12544
CYCU,20250717 09:33:14.818000,5750231,100,510463,0.35,NQNX,12544
CYCU,20250717 09:33:14.820000,5750235,165,510963,0.35,NQNX,12544
CYCU,20250717 09:33:14.820000,5750234,335,510798,0.35,NQNX,12544
CYCU,20250717 09:33:16.825000,5759183,10,510973,0.35,NQNX,12659
CYCU,20250717 09:33:19.676000,5772402,100,511073,0.35,NQNX,12544
CYCU,20250717 09:33:23.873000,5790523,100,511173,0.35,NQNX,12544
CYCU,20250717 09:33:27.045000,5808368,100,511273,0.35,NQNX,12544
CYCU,20250717 09:33:35.931000,5847518,500,511773,0.35,NQNX,12544
CYCU,20250717 09:33:36.695000,5851184,100,511873,0.35,NQNX,12544
CYCU,20250717 09:33:50.900000,5919350,2408,514281,0.35,NQEX,12639
CYCU,20250717 09:33:50.901000,5919386,1590,516263,0.35,PACF,12639
CYCU,20250717 09:33:50.901000,5919367,300,514581,0.35,EDGX,12639
CYCU,20250717 09:33:50.901000,5919381,92,514673,0.35,NQEX,12659
CYCU,20250717 09:33:50.901000,5919387,2,516265,0.35,PACF,12659
CYCU,20250717 09:34:07.750000,5998991,100,516365,0.35,MEMX,12544
CYCU,20250717 09:34:07.752000,5999004,10400,526765,0.35,NTRF,12544
CYCU,20250717 09:34:24.779000,6069998,737,527502,0.35,NTRF,12544
CYCU,20250717 09:34:26.393000,6077978,1000,528502,0.35,NQNX,12544
CYCU,20250717 09:34:26.395000,6077983,100,528602,0.35,PACF,12544
CYCU,20250717 09:34:27.383000,6081966,300,528902,0.35,MEMX,12639
CYCU,20250717 09:34:33.671000,6113655,4148,533050,0.35,NQNX,12544
CYCU,20250717 09:34:34.594000,6116912,1000,534050,0.35,NQEX,12639
CYCU,20250717 09:34:34.595000,6116913,200,534250,0.35,PACF,12639
CYCU,20250717 09:34:49.954000,6180818,130,534380,0.35,NQNX,12544
CYCU,20250717 09:35:04.906000,6250791,1100,535480,0.35,NQNX,12544
CYCU,20250717 09:35:12.845000,6289600,1000,536480,0.35,NQNX,12544
CYCU,20250717 09:35:29.784000,6367536,300,536881,0.35,PACF,12544
CYCU,20250717 09:35:29.784000,6367537,99,536980,0.35,PACF,12659
CYCU,20250717 09:35:29.784000,6367534,100,536580,0.35,PACF,12544
CYCU,20250717 09:35:29.784000,6367535,1,536581,0.35,PACF,12659
CYCU,20250717 09:35:31.550000,6376349,1,536981,0.35,NQEX,12659
CYCU,20250717 09:35:33.265000,6383842,1,536982,0.35,NQNX,12659
CYCU,20250717 09:35:51.830000,6464570,4400,541382,0.35,NQNX,12544
CYCU,20250717 09:35:56.427000,6485769,500,541882,0.35,NQNX,12544
CYCU,20250717 09:36:01.012000,6507126,500,542382,0.35,NTRF,12544
CYCU,20250717 09:36:01.605000,6510266,6,542388,0.35,NQEX,12659
CYCU,20250717 09:36:01.605000,6510267,100,542488,0.35,NQEX,12639
CYCU,20250717 09:36:01.606000,6510268,100,542588,0.35,EDGX,12544
CYCU,20250717 09:36:01.606000,6510269,21,542609,0.35,EDGX,12659
CYCU,20250717 09:36:01.606000,6510270,51,542660,0.35,BATS,12659
CYCU,20250717 09:36:01.606000,6510271,45,542705,0.35,PACF,12659
CYCU,20250717 09:36:01.606000,6510272,45,542750,0.35,PACF,12659
CYCU,20250717 09:36:01.606000,6510273,45,542795,0.35,PACF,12659
CYCU,20250717 09:36:01.606000,6510274,65,542860,0.35,PACF,12659
CYCU,20250717 09:36:05.626000,6529726,22,542882,0.35,NQNX,12659
CYCU,20250717 09:36:14.835000,6568824,100,552482,0.35,NQEX,12639
CYCU,20250717 09:36:14.835000,6568822,9500,552382,0.35,NQNX,12544
CYCU,20250717 09:36:14.835000,6568825,11,552493,0.35,NQEX,12659
CYCU,20250717 09:36:14.836000,6568829,3,552745,0.35,PACF,12659
CYCU,20250717 09:36:14.836000,6568826,249,552742,0.35,BATS,12639
CYCU,20250717 09:36:15.053000,6569955,100,552845,0.35,NQEX,12544
CYCU,20250717 09:36:15.053000,6569956,1000,553845,0.35,NQEX,12544
CYCU,20250717 09:36:19.122000,6587990,800,554645,0.35,NQNX,12544
CYCU,20250717 09:36:19.126000,6587992,200,554845,0.35,MEMX,12639
CYCU,20250717 09:36:20.471000,6593101,1,554846,0.35,NQNX,12659
CYCU,20250717 09:36:28.785000,6633804,1,554847,0.35,NQNX,12659
CYCU,20250717 09:36:31.605000,6644467,100,554947,0.35,NQNX,12544
CYCU,20250717 09:36:41.454000,6684861,900,555847,0.35,MEMX,12639
CYCU,20250717 09:36:41.454000,6684862,99,555946,0.35,NQEX,12659
CYCU,20250717 09:36:41.454000,6684863,100,556046,0.35,NQEX,12639
CYCU,20250717 09:36:41.454000,6684864,100,556146,0.35,NQEX,12639
CYCU,20250717 09:36:54.349000,6730719,100,556246,0.35,NQNX,12544
CYCU,20250717 09:37:04.509000,6766737,35,556281,0.35,NQEX,12659
CYCU,20250717 09:37:04.538000,6766890,5,556286,0.35,NQEX,12659
CYCU,20250717 09:37:25.228000,6848697,280,556566,0.35,NQNX,12544
CYCU,20250717 09:37:50.970000,6934838,69,556635,0.35,MIAX,12659
CYCU,20250717 09:37:50.977000,6934854,1,556636,0.35,NQNX,12659
CYCU,20250717 09:37:58.868000,6960532,100,556736,0.35,MEMX,12639
CYCU,20250717 09:38:04.488000,6981885,50,556786,0.35,NQEX,12659
CYCU,20250717 09:38:17.049000,7027570,7490,564276,0.35,NQNX,12544
CYCU,20250717 09:38:51.139000,7143184,80,564356,0.35,PACF,12659
CYCU,20250717 09:39:15.765000,7227602,872,565228,0.35,NQNX,12544
CYCU,20250717 09:39:20.050000,7239692,100,565328,0.35,NQNX,12544
CYCU,20250717 09:39:24.129000,7251146,80,565408,0.35,PACF,12659
CYCU,20250717 09:39:24.252000,7251408,75,565483,0.35,PACF,12659
CYCU,20250717 09:39:28.815000,7264708,2848,568331,0.35,NQNX,12544
CYCU,20250717 09:39:31.608000,7275628,50,568381,0.35,NQNX,12659
CYCU,20250717 09:39:31.699000,7275872,100,568481,0.35,NQNX,12544
CYCU,20250717 09:39:36.123000,7287717,100,568581,0.35,NQNX,12544
CYCU,20250717 09:39:40.267000,7301554,200,568781,0.35,NTRF,12544
CYCU,20250717 09:39:41.758000,7306399,100,568881,0.35,NQNX,12544
CYCU,20250717 09:39:46.365000,7320214,100,568981,0.35,NQNX,12544
CYCU,20250717 09:39:50.767000,7337337,1000,569981,0.35,NQNX,12544
CYCU,20250717 09:39:54.636000,7347794,100,570081,0.35,NQNX,12544
CYCU,20250717 09:40:04.736000,7388337,1436,571517,0.35,NQNX,12544
CYCU,20250717 09:40:05.724000,7392275,835,572352,0.35,NQNX,12544
CYCU,20250717 09:40:05.726000,7392283,2,572354,0.35,NQNX,12659
CYCU,20250717 09:40:06.899000,7396958,100,572454,0.35,NQNX,12544
CYCU,20250717 09:40:10.047000,7409485,100,572554,0.35,NQNX,12544
CYCU,20250717 09:40:14.295000,7424427,100,572654,0.35,NQNX,12544
CYCU,20250717 09:40:15.598000,7430368,125,573041,0.35,PACF,12639
CYCU,20250717 09:40:15.598000,7430367,262,572916,0.35,EDGX,12639
CYCU,20250717 09:40:16.870000,7436110,1586,574627,0.35,NTRF,12544
CYCU,20250717 09:40:31.615000,7488254,100,574727,0.35,PACF,12544
CYCU,20250717 09:40:50.905000,7546836,100,574827,0.35,NTRF,12544
CYCU,20250717 09:41:02.157000,7580412,100,574927,0.35,NQNX,12544
CYCU,20250717 09:41:03.555000,7585404,50,574977,0.35,NQNX,12659
CYCU,20250717 09:41:03.725000,7586042,100,575077,0.35,NQEX,12544
CYCU,20250717 09:41:06.871000,7599751,500,575577,0.35,NQNX,12544
CYCU,20250717 09:41:06.872000,7599752,3500,579077,0.35,NQNX,12544
CYCU,20250717 09:41:06.872000,7599753,1000,580077,0.35,NQNX,12544
CYCU,20250717 09:41:08.340000,7605481,500,580577,0.35,NQNX,12544
CYCU,20250717 09:41:10.253000,7613310,200,580777,0.35,NQNX,12544
CYCU,20250717 09:41:17.408000,7639149,10000,590777,0.35,NQEX,12639
CYCU,20250717 09:41:17.424000,7639175,100,590877,0.35,PACF,12639
CYCU,20250717 09:41:17.440000,7639215,100,590977,0.35,NQEX,12639
CYCU,20250717 09:41:17.440000,7639217,900,601777,0.35,NQNX,12544
CYCU,20250717 09:41:17.440000,7639218,900,602677,0.35,NQNX,12544
CYCU,20250717 09:41:17.440000,7639216,9900,600877,0.35,NQEX,12639
CYCU,20250717 09:41:17.453000,7639268,300,602977,0.35,NQNX,12544
CYCU,20250717 09:41:17.453000,7639269,1200,604177,0.35,MEMX,12544
CYCU,20250717 09:41:17.453000,7639270,1400,605577,0.35,EDGX,12544
CYCU,20250717 09:41:17.454000,7639283,80,610957,0.35,PACF,12659
CYCU,20250717 09:41:17.454000,7639278,2200,610877,0.35,NQEX,12639
CYCU,20250717 09:41:17.454000,7639275,100,605677,0.35,NQEX,12639
CYCU,20250717 09:41:17.454000,7639276,100,605777,0.35,BOST,12639
CYCU,20250717 09:41:17.454000,7639284,2100,613057,0.35,PACF,12639
CYCU,20250717 09:41:17.454000,7639277,2900,608677,0.35,BOST,12639
CYCU,20250717 09:41:17.468000,7639360,7220,620277,0.35,NQNX,12544
CYCU,20250717 09:41:17.470000,7639372,11400,631677,0.35,NQNX,12544
CYCU,20250717 09:41:17.808000,7640631,10,631687,0.35,NQNX,12659
CYCU,20250717 09:41:19.143000,7645116,50,631737,0.35,PACF,12659
CYCU,20250717 09:41:19.395000,7646360,1500,633237,0.35,NQNX,12544
CYCU,20250717 09:41:21.187000,7651673,1300,634537,0.35,NQNX,12544
CYCU,20250717 09:41:22.276000,7657687,100,634637,0.35,NQNX,12544
CYCU,20250717 09:41:23.260000,7660795,900,635537,0.35,NQNX,12544
CYCU,20250717 09:41:26.413000,7670238,900,636437,0.35,NQNX,12544
CYCU,20250717 09:41:29.786000,7681787,111,636548,0.35,NTRF,12544
CYCU,20250717 09:41:31.612000,7688414,500,637048,0.35,NQNX,12544
CYCU,20250717 09:41:31.763000,7688729,900,637948,0.35,NQNX,12544
CYCU,20250717 09:41:38.222000,7709532,1000,638948,0.35,NTRF,12544
CYCU,20250717 09:41:41.365000,7719267,100,639048,0.35,NQNX,12544
CYCU,20250717 09:41:42.712000,7724293,800,639848,0.35,NQNX,12544
CYCU,20250717 09:41:48.232000,7741669,500,640348,0.35,NQNX,12544
CYCU,20250717 09:41:48.233000,7741677,4109,647848,0.35,NQNX,12544
CYCU,20250717 09:41:48.233000,7741676,100,643739,0.35,NQNX,12544
CYCU,20250717 09:41:48.233000,7741675,1000,643639,0.35,NQNX,12544
CYCU,20250717 09:41:48.233000,7741674,44,642639,0.35,NQNX,12659
CYCU,20250717 09:41:48.233000,7741678,2000,649848,0.35,NQNX,12544
CYCU,20250717 09:41:48.233000,7741673,1000,642595,0.35,NQNX,12544
CYCU,20250717 09:41:48.233000,7741672,247,641595,0.35,NQNX,12544
CYCU,20250717 09:41:48.233000,7741671,500,641348,0.35,NQNX,12544
CYCU,20250717 09:41:48.233000,7741670,500,640848,0.35,NQNX,12544
CYCU,20250717 09:41:53.976000,7757454,800,650648,0.35,NQNX,12544
CYCU,20250717 09:41:58.730000,7769089,20,650668,0.35,NQNX,12659
CYCU,20250717 09:42:01.612000,7781610,200,650868,0.35,NQNX,12544
CYCU,20250717 09:42:03.091000,7788002,300,651168,0.35,BATY,12544
CYCU,20250717 09:42:04.114000,7792300,10,651178,0.35,PACF,12659
CYCU,20250717 09:42:05.266000,7797953,90,651268,0.35,NQNX,12659
CYCU,20250717 09:42:08.819000,7811452,800,652068,0.35,NQNX,12544
CYCU,20250717 09:42:14.152000,7832838,50,652118,0.35,NQNX,12659
CYCU,20250717 09:42:17.568000,7844624,50,652168,0.35,NTRF,12659
CYCU,20250717 09:42:19.591000,7851720,1500,653668,0.35,NQNX,12544
CYCU,20250717 09:42:27.835000,7881343,100,653983,0.35,PACF,12544
CYCU,20250717 09:42:27.835000,7881342,215,653883,0.35,PACF,12544
CYCU,20250717 09:42:31.616000,7892845,100,654083,0.35,PACF,12544
CYCU,20250717 09:42:39.369000,7922081,845,654928,0.35,NQNX,12544
CYCU,20250717 09:42:43.970000,7936237,100,655028,0.35,NTRF,12544
CYCU,20250717 09:42:49.702000,7953438,200,655228,0.35,NQNX,12544
CYCU,20250717 09:42:53.531000,7964953,12,655240,0.35,NQNX,12659
CYCU,20250717 09:42:54.313000,7966645,300,655540,0.35,PACF,12544
CYCU,20250717 09:42:54.322000,7966681,200,655740,0.35,PACF,12544
CYCU,20250717 09:42:54.325000,7966685,19500,675240,0.35,NQNX,12544
CYCU,20250717 09:42:54.636000,7967889,10,675250,0.35,EDGX,12659
CYCU,20250717 09:42:55.927000,7971354,1000,676250,0.35,PACF,12544
CYCU,20250717 09:42:57.151000,7974309,280,676530,0.35,NTRF,12544
CYCU,20250717 09:42:57.424000,7974766,300,676830,0.35,NQEX,12639
CYCU,20250717 09:43:00.817000,7985343,900,677730,0.35,NQEX,12544
CYCU,20250717 09:43:01.616000,7988122,100,677830,0.35,NQEX,12544
CYCU,20250717 09:43:01.686000,7988317,100,677930,0.35,NQNX,12544
CYCU,20250717 09:43:02.394000,7990018,100,678030,0.35,PACF,12544
CYCU,20250717 09:43:02.932000,7991646,10,678040,0.35,NQNX,12659
CYCU,20250717 09:43:03.108000,7992214,800,678840,0.35,NQNX,12544
CYCU,20250717 09:43:03.134000,7992455,500,679340,0.35,NQNX,12544
CYCU,20250717 09:43:03.780000,7995318,100,679440,0.35,NTRF,12544
CYCU,20250717 09:43:07.600000,8010955,140,679580,0.35,NTRF,12544
CYCU,20250717 09:43:08.108000,8012046,2,679582,0.35,NQEX,12659
CYCU,20250717 09:43:08.109000,8012048,2,679584,0.35,PACF,12659
CYCU,20250717 09:43:08.383000,8012631,800,680384,0.35,NQNX,12544
CYCU,20250717 09:43:08.930000,8014782,1000,681384,0.35,NQNX,12544
CYCU,20250717 09:43:12.667000,8026729,300,681684,0.35,NTRF,12544
CYCU,20250717 09:43:14.720000,8033115,750,682434,0.35,NTRF,12544
CYCU,20250717 09:43:16.699000,8038822,70,682504,0.35,NQNX,12659
CYCU,20250717 09:43:17.235000,8040368,800,683304,0.35,NQNX,12544
CYCU,20250717 09:43:19.750000,8047101,32,683336,0.35,NQEX,12659
CYCU,20250717 09:43:21.771000,8052994,2404,685740,0.35,NQNX,12544
CYCU,20250717 09:43:21.772000,8052996,1000,686740,0.35,EDGX,12639
CYCU,20250717 09:43:24.023000,8059219,3,686743,0.35,NQNX,12659
CYCU,20250717 09:43:25.404000,8064179,500,687243,0.35,IEX,12544
CYCU,20250717 09:43:25.412000,8064188,68,687311,0.35,NQEX,12659
CYCU,20250717 09:43:25.517000,8064364,1500,688811,0.35,NQNX,12544
CYCU,20250717 09:43:27.634000,8070282,250,689061,0.35,NTRF,12544
CYCU,20250717 09:43:28.472000,8072647,1000,690061,0.35,NTRF,12544
CYCU,20250717 09:43:30.011000,8076079,200,690261,0.35,NQNX,12544
CYCU,20250717 09:43:30.542000,8077521,50,690311,0.35,NQNX,12659
CYCU,20250717 09:43:31.616000,8080681,100,690511,0.35,EDGX,12544
CYCU,20250717 09:43:31.616000,8080680,100,690411,0.35,EDGX,12544
CYCU,20250717 09:43:31.616000,8080682,100,690611,0.35,EDGX,12544
CYCU,20250717 09:43:32.213000,8081842,17,690628,0.35,NQNX,12659
CYCU,20250717 09:43:32.228000,8081868,100,690728,0.35,EDGX,12544
CYCU,20250717 09:43:32.228000,8081869,100,690828,0.35,EDGX,12544
CYCU,20250717 09:43:32.357000,8082350,100,690928,0.35,NQNX,12544
CYCU,20250717 09:43:38.463000,8100568,56,690984,0.35,NQNX,12659
CYCU,20250717 09:43:39.097000,8102660,729,691713,0.35,NQNX,12544
CYCU,20250717 09:43:39.114000,8102753,1,691714,0.35,NQNX,12659
CYCU,20250717 09:43:43.553000,8119925,2000,693714,0.35,NQNX,12544
CYCU,20250717 09:43:46.106000,8128015,30,693744,0.35,NQNX,12659
CYCU,20250717 09:43:47.345000,8130882,35,693779,0.35,NQNX,12659
CYCU,20250717 09:43:47.789000,8133948,800,694579,0.35,NQNX,12544
CYCU,20250717 09:43:48.615000,8137943,250,694829,0.35,NTRF,12544
CYCU,20250717 09:43:51.185000,8146220,1000,695829,0.35,NQNX,12544
CYCU,20250717 09:43:51.298000,8146613,8,695837,0.35,NQNX,12659
CYCU,20250717 09:43:57.723000,8165293,7657,703494,0.35,NQNX,12544
CYCU,20250717 09:43:57.723000,8165295,32343,735837,0.35,NQNX,12544
CYCU,20250717 09:43:58.620000,8167963,300,736137,0.35,NQNX,12544
CYCU,20250717 09:43:59.792000,8172196,1000,737137,0.35,NQNX,12544
CYCU,20250717 09:43:59.793000,8172197,1000,738137,0.35,NQNX,12544
CYCU,20250717 09:43:59.949000,8172488,1000,739137,0.35,NQNX,12544
CYCU,20250717 09:44:01.613000,8177979,200,739337,0.35,NQNX,12544
CYCU,20250717 09:44:01.614000,8177981,300,739637,0.35,NQNX,12544
CYCU,20250717 09:44:02.021000,8179172,200,739837,0.35,NQNX,12544
CYCU,20250717 09:44:03.109000,8183556,200,740037,0.35,NTRF,12544
CYCU,20250717 09:44:03.110000,8183558,400,740437,0.35,NQNX,12544
CYCU,20250717 09:44:03.726000,8185514,500,740937,0.35,NQNX,12544
CYCU,20250717 09:44:04.283000,8187055,400,741337,0.35,NQNX,12544
CYCU,20250717 09:44:05.423000,8190437,300,741637,0.35,NQNX,12544
CYCU,20250717 09:44:06.568000,8194363,200,741837,0.35,NQNX,12544
CYCU,20250717 09:44:07.148000,8196159,10,741847,0.35,NQNX,12659
CYCU,20250717 09:44:07.203000,8196428,100,741947,0.35,NQNX,12544
CYCU,20250717 09:44:07.489000,8197417,100,742047,0.35,NQNX,12544
CYCU,20250717 09:44:07.718000,8198166,200,742247,0.35,NQNX,12544
CYCU,20250717 09:44:08.664000,8200191,28,742275,0.35,NQNX,12659
CYCU,20250717 09:44:09.954000,8203828,100,742375,0.35,NQNX,12544
CYCU,20250717 09:44:10.720000,8206452,1000,743375,0.35,NQNX,12544
CYCU,20250717 09:44:11.042000,8207245,20,743395,0.35,NQNX,12659
CYCU,20250717 09:44:13.481000,8215595,250,743645,0.35,NTRF,12544
CYCU,20250717 09:44:14.066000,8217203,1400,745045,0.35,NQNX,12544
CYCU,20250717 09:44:14.698000,8219008,800,745845,0.35,NQNX,12544
CYCU,20250717 09:44:15.794000,8222133,563,746408,0.35,NQNX,12544
CYCU,20250717 09:44:16.830000,8224703,100,746508,0.35,NTRF,12544
CYCU,20250717 09:44:20.568000,8233919,600,747108,0.35,NTRF,12544
CYCU,20250717 09:44:23.000000,8241983,500,747608,0.35,NQNX,12544
CYCU,20250717 09:44:23.260000,8243591,20,747628,0.35,NQNX,12659
CYCU,20250717 09:44:26.232000,8252291,100,747728,0.35,NTRF,12544
CYCU,20250717 09:44:26.329000,8252721,2700,750428,0.35,NQNX,12544
CYCU,20250717 09:44:26.337000,8252737,900,751328,0.35,IEX,12544
CYCU,20250717 09:44:26.339000,8252743,200,751728,0.35,NQNX,12544
CYCU,20250717 09:44:26.339000,8252741,100,751428,0.35,NQNX,12544
CYCU,20250717 09:44:26.339000,8252742,100,751528,0.35,NQNX,12544
CYCU,20250717 09:44:26.340000,8252746,200,752128,0.35,NQNX,12544
CYCU,20250717 09:44:26.340000,8252749,200,752728,0.35,NQNX,12544
CYCU,20250717 09:44:26.340000,8252747,400,752528,0.35,NQNX,12544
CYCU,20250717 09:44:26.340000,8252745,200,751928,0.35,NQNX,12544
CYCU,20250717 09:44:26.341000,8252809,200,753128,0.35,NQNX,12544
CYCU,20250717 09:44:26.341000,8252792,100,752928,0.35,NQNX,12544
CYCU,20250717 09:44:26.341000,8252774,100,752828,0.35,NQNX,12544
CYCU,20250717 09:44:26.341000,8252810,200,753328,0.35,NQNX,12544
CYCU,20250717 09:44:26.342000,8252814,400,753928,0.35,NQNX,12544
CYCU,20250717 09:44:26.342000,8252812,200,753528,0.35,NQNX,12544
CYCU,20250717 09:44:26.342000,8252815,200,754128,0.35,NQNX,12544
CYCU,20250717 09:44:28.959000,8259598,200,754328,0.35,NQNX,12544
CYCU,20250717 09:44:29.904000,8261897,1000,755328,0.35,NQNX,12544
CYCU,20250717 09:44:31.615000,8266093,200,755528,0.35,NQNX,12544
CYCU,20250717 09:44:31.615000,8266096,3000,758528,0.35,NQNX,12544
CYCU,20250717 09:44:32.935000,8270017,1000,759528,0.35,NQNX,12544
CYCU,20250717 09:44:33.155000,8270678,281,759809,0.35,NQNX,12544
CYCU,20250717 09:44:33.913000,8272912,6397,766206,0.35,NTRF,12544
CYCU,20250717 09:44:33.914000,8272913,3603,769809,0.35,NTRF,12544
CYCU,20250717 09:44:36.248000,8277901,900,770709,0.35,NQNX,12544
CYCU,20250717 09:44:42.328000,8296666,100,770809,0.35,NQNX,12544
CYCU,20250717 09:44:42.335000,8296674,900,771709,0.35,NQNX,12544
CYCU,20250717 09:44:42.650000,8300020,159,771868,0.35,NQNX,12544
CYCU,20250717 09:44:46.111000,8310692,1300,773168,0.35,NTRF,12544
CYCU,20250717 09:44:50.000000,8320448,5,773173,0.35,NQNX,12659
CYCU,20250717 09:44:52.284000,8327219,120,773293,0.35,NQNX,12544
CYCU,20250717 09:44:52.291000,8327233,800,774093,0.35,NQNX,12544
CYCU,20250717 09:44:54.391000,8333738,1300,775393,0.35,NQNX,12544
CYCU,20250717 09:44:54.415000,8333762,100,775693,0.35,NQNX,12544
CYCU,20250717 09:44:54.415000,8333760,100,775593,0.35,NQNX,12544
CYCU,20250717 09:44:54.415000,8333757,100,775493,0.35,NQNX,12544
CYCU,20250717 09:44:54.471000,8333854,2000,777693,0.35,NQNX,12544
CYCU,20250717 09:44:55.452000,8336767,200,777893,0.35,NQNX,12544
CYCU,20250717 09:44:58.725000,8347123,100,777993,0.35,NQNX,12544
CYCU,20250717 09:44:58.725000,8347124,100,778093,0.35,NQNX,12544
CYCU,20250717 09:44:59.292000,8348500,200,778293,0.35,NQNX,12544
CYCU,20250717 09:45:00.576000,8353838,100,778393,0.35,NQNX,12544
CYCU,20250717 09:45:01.614000,8358703,300,778693,0.35,NQNX,12544
CYCU,20250717 09:45:02.174000,8363490,100,778793,0.35,NQNX,12544
CYCU,20250717 09:45:02.451000,8365182,300,779093,0.35,NQNX,12544
CYCU,20250717 09:45:04.796000,8374335,400,779493,0.35,NQNX,12544
CYCU,20250717 09:45:06.083000,8380509,56,779549,0.35,NQNX,12659
CYCU,20250717 09:45:06.200000,8380959,1000,780549,0.35,BTRF,12544
CYCU,20250717 09:45:07.064000,8384603,600,781349,0.35,EDGX,12544
CYCU,20250717 09:45:07.064000,8384602,200,780749,0.35,NQEX,12544
CYCU,20250717 09:45:07.065000,8384606,600,781949,0.35,NQNX,12544
CYCU,20250717 09:45:07.065000,8384608,200,782149,0.35,NQNX,12544
CYCU,20250717 09:45:07.066000,8384609,1200,783349,0.35,NQNX,12544
CYCU,20250717 09:45:07.657000,8386415,1,783350,0.35,NQNX,12659
CYCU,20250717 09:45:13.476000,8407609,86,783436,0.35,EDGX,12659
CYCU,20250717 09:45:13.477000,8407610,14,783450,0.35,NQNX,12659
CYCU,20250717 09:45:15.066000,8413973,100,783550,0.35,IEX,12544
CYCU,20250717 09:45:15.070000,8413981,7000,791450,0.35,MIAX,12639
CYCU,20250717 09:45:15.070000,8413976,100,783650,0.35,NQEX,12544
CYCU,20250717 09:45:15.070000,8413977,100,783750,0.35,NQEX,12544
CYCU,20250717 09:45:15.070000,8413978,100,783850,0.35,NQEX,12544
CYCU,20250717 09:45:15.070000,8413979,100,783950,0.35,EDGX,12544
CYCU,20250717 09:45:15.070000,8413980,500,784450,0.35,MEMX,12544
CYCU,20250717 09:45:16.932000,8422046,100,791550,0.35,NTRF,12544
CYCU,20250717 09:45:17.435000,8424248,1000,792550,0.35,NQNX,12544
CYCU,20250717 09:45:18.410000,8427973,200,792750,0.35,NQNX,12544
CYCU,20250717 09:45:18.663000,8428674,1436,794186,0.35,NQNX,12544
CYCU,20250717 09:45:18.796000,8428984,100,794286,0.35,IEX,12544
CYCU,20250717 09:45:18.799000,8428988,50,794336,0.35,NTRF,12659
CYCU,20250717 09:45:24.158000,8445914,500,794836,0.35,IEX,12544
CYCU,20250717 09:45:24.162000,8445938,1500,797836,0.35,NQNX,12544
CYCU,20250717 09:45:24.162000,8445920,1500,796336,0.35,NQNX,12544
CYCU,20250717 09:45:28.566000,8465087,2900,800736,0.35,NQNX,12544
CYCU,20250717 09:45:28.567000,8465089,1800,802536,0.35,NQNX,12544
CYCU,20250717 09:45:28.569000,8465090,2900,805436,0.35,NTRF,12544
CYCU,20250717 09:45:28.569000,8465092,1800,807336,0.35,NTRF,12544
CYCU,20250717 09:45:28.569000,8465091,100,805536,0.35,EDGX,12544
CYCU,20250717 09:45:28.571000,8465101,500,807836,0.35,IEX,12544
CYCU,20250717 09:45:28.574000,8465106,100,807936,0.35,NQEX,12544
CYCU,20250717 09:45:28.577000,8465108,1600,809536,0.35,NTRF,12544
CYCU,20250717 09:45:30.058000,8469273,100,809636,0.35,NQNX,12544
CYCU,20250717 09:45:30.899000,8472406,200,809836,0.35,NQNX,12544
CYCU,20250717 09:45:31.399000,8473860,20,809856,0.35,NQNX,12659
CYCU,20250717 09:45:31.745000,8474982,700,810556,0.35,NTRF,12544
CYCU,20250717 09:45:32.256000,8476331,200,810756,0.35,NQNX,12544
CYCU,20250717 09:45:32.914000,8479376,1000,811756,0.35,NTRF,12544
CYCU,20250717 09:45:34.281000,8483454,120,811876,0.35,NQNX,12544
CYCU,20250717 09:45:35.142000,8487081,285,812161,0.35,NQNX,12544
CYCU,20250717 09:45:35.399000,8488064,250,812411,0.35,NTRF,12544
CYCU,20250717 09:45:39.067000,8503656,1000,813411,0.35,NTRF,12544
CYCU,20250717 09:45:39.572000,8505439,900,814311,0.35,NQNX,12544
CYCU,20250717 09:45:39.983000,8506708,200,814511,0.35,NQEX,12544
CYCU,20250717 09:45:39.983000,8506710,300,814811,0.35,NQEX,12544
CYCU,20250717 09:45:39.985000,8506712,200,815011,0.35,NTRF,12544
CYCU,20250717 09:45:39.986000,8506715,100,815411,0.35,NQEX,12544
CYCU,20250717 09:45:39.986000,8506714,300,815311,0.35,NTRF,12544
CYCU,20250717 09:45:39.993000,8506751,1400,816811,0.36,PACF,12544
CYCU,20250717 09:45:39.995000,8506755,1400,818211,0.35,NTRF,12544
CYCU,20250717 09:45:40.949000,8510031,100,818311,0.35,NQNX,12544
CYCU,20250717 09:45:43.583000,8519142,140,818451,0.35,NTRF,12544
CYCU,20250717 09:45:43.825000,8520301,2810,821261,0.35,NQNX,12544
CYCU,20250717 09:45:46.265000,8528032,69,821330,0.35,NQNX,12659
CYCU,20250717 09:45:48.387000,8535529,900,822230,0.35,NQNX,12544
CYCU,20250717 09:45:48.875000,8537505,800,823230,0.35,NQNX,12544
CYCU,20250717 09:45:48.875000,8537503,200,822430,0.35,NQNX,12544
CYCU,20250717 09:45:48.875000,8537506,200,823430,0.35,NQNX,12544
CYCU,20250717 09:45:48.876000,8537509,600,824030,0.35,NQNX,12544
CYCU,20250717 09:45:48.876000,8537510,100,824130,0.35,NQNX,12544
CYCU,20250717 09:45:48.876000,8537513,100,824230,0.35,NQNX,12544
CYCU,20250717 09:45:48.877000,8537516,800,825230,0.35,NQNX,12544
CYCU,20250717 09:45:48.877000,8537514,200,824430,0.35,NQNX,12544
CYCU,20250717 09:45:48.878000,8537517,200,825430,0.35,NQNX,12544
CYCU,20250717 09:45:48.878000,8537520,600,826030,0.35,NQNX,12544
CYCU,20250717 09:45:48.878000,8537525,100,826130,0.35,NQNX,12544
CYCU,20250717 09:45:48.878000,8537526,100,826230,0.35,NQNX,12544
CYCU,20250717 09:45:49.787000,8540370,100,826330,0.35,NQNX,12544
CYCU,20250717 09:45:49.821000,8540444,41,826371,0.35,NTRF,12659
CYCU,20250717 09:45:50.250000,8541516,100,826471,0.35,NQNX,12544
CYCU,20250717 09:45:51.196000,8544327,200,826671,0.35,NQNX,12544
CYCU,20250717 09:45:51.755000,8546229,2779,829450,0.35,NQNX,12544
CYCU,20250717 09:45:52.607000,8548896,100,829550,0.35,NQNX,12544
CYCU,20250717 09:45:52.633000,8548963,115,829665,0.35,NTRF,12544
CYCU,20250717 09:45:52.793000,8549332,1000,830665,0.35,NTRF,12544
CYCU,20250717 09:45:53.171000,8550408,4,830669,0.35,NQNX,12659
CYCU,20250717 09:45:54.022000,8553178,200,830869,0.35,NQNX,12544
CYCU,20250717 09:45:54.593000,8554896,200,831169,0.35,EDGX,12544
CYCU,20250717 09:45:54.593000,8554895,100,830969,0.35,NQEX,12544
CYCU,20250717 09:45:54.605000,8554949,200,831369,0.36,PACF,12544
CYCU,20250717 09:45:54.608000,8554958,900,832269,0.35,NTRF,12544
CYCU,20250717 09:45:56.863000,8561578,100,832369,0.35,NQNX,12544
CYCU,20250717 09:45:57.126000,8562346,300,832769,0.35,EDGX,12544
CYCU,20250717 09:45:57.126000,8562345,100,832469,0.35,NQEX,12544
CYCU,20250717 09:45:58.265000,8565394,20,832789,0.36,NQNX,12659
CYCU,20250717 09:45:58.269000,8565398,180,832969,0.36,NQNX,12544
CYCU,20250717 09:45:59.747000,8570243,100,833069,0.36,NQNX,12544
CYCU,20250717 09:46:01.853000,8578142,200,833269,0.35,NQNX,12544
CYCU,20250717 09:46:03.644000,8585756,100,833369,0.36,NQNX,12544
CYCU,20250717 09:46:07.853000,8602873,1000,834369,0.35,NQNX,12544
CYCU,20250717 09:46:07.948000,8603141,527,834896,0.36,NTRF,12544
CYCU,20250717 09:46:08.011000,8603307,59,834955,0.35,NQNX,12659
CYCU,20250717 09:46:10.181000,8611309,356,835311,0.35,NTRF,12544
CYCU,20250717 09:46:11.127000,8615229,3500,838811,0.35,NQNX,12544
CYCU,20250717 09:46:12.478000,8620851,10,838821,0.35,NQNX,12659
CYCU,20250717 09:46:12.571000,8621104,100,838921,0.35,NQNX,12544
CYCU,20250717 09:46:13.340000,8623374,3000,841921,0.35,NQNX,12544
CYCU,20250717 09:46:14.685000,8630232,100,842021,0.36,PACF,12544
CYCU,20250717 09:46:15.570000,8633323,1000,843021,0.36,NQNX,12544
CYCU,20250717 09:46:16.406000,8635956,200,843221,0.36,PACF,12544
CYCU,20250717 09:46:16.670000,8636784,300,843521,0.35,NQNX,12544
CYCU,20250717 09:46:19.029000,8645002,900,844421,0.35,NQNX,12544
CYCU,20250717 09:46:21.108000,8651438,100,844521,0.36,NQNX,12544
CYCU,20250717 09:46:21.350000,8651992,800,845321,0.36,NQEX,12639
CYCU,20250717 09:46:21.351000,8651998,4353,852426,0.36,PACF,12639
CYCU,20250717 09:46:21.351000,8651999,200,852626,0.36,PACF,12639
CYCU,20250717 09:46:21.351000,8651997,163,848073,0.36,PACF,12639
CYCU,20250717 09:46:21.351000,8651995,163,847747,0.36,PACF,12639
CYCU,20250717 09:46:21.351000,8651993,163,845484,0.36,PACF,12639
CYCU,20250717 09:46:21.351000,8651994,2100,847584,0.36,PACF,12639
CYCU,20250717 09:46:21.351000,8651996,163,847910,0.36,PACF,12639
CYCU,20250717 09:46:21.413000,8652193,500,853126,0.36,MEMX,12639
CYCU,20250717 09:46:21.414000,8652199,324,853450,0.36,PACF,12639
CYCU,20250717 09:46:21.414000,8652200,162,853612,0.36,PACF,12639
CYCU,20250717 09:46:21.414000,8652202,499,880026,0.36,NQNX,12544
CYCU,20250717 09:46:21.414000,8652201,25915,879527,0.36,PACF,12639
CYCU,20250717 09:46:22.257000,8654659,5000,885026,0.36,NQNX,12544
CYCU,20250717 09:46:22.941000,8656192,1900,888826,0.36,NQNX,12544
CYCU,20250717 09:46:22.941000,8656190,1900,886926,0.36,NQNX,12544
CYCU,20250717 09:46:24.664000,8661883,100,888926,0.35,NQNX,12544
CYCU,20250717 09:46:28.549000,8673919,199,889125,0.36,NQNX,12544
CYCU,20250717 09:46:28.550000,8673923,100,889425,0.36,NQNX,12544
CYCU,20250717 09:46:28.550000,8673921,100,889225,0.36,NQNX,12544
CYCU,20250717 09:46:28.550000,8673922,100,889325,0.36,NQNX,12544
CYCU,20250717 09:46:28.551000,8673924,300,889725,0.36,NQNX,12544
CYCU,20250717 09:46:28.551000,8673925,100,889825,0.36,NQNX,12544
CYCU,20250717 09:46:28.551000,8673926,100,889925,0.36,NQNX,12544
CYCU,20250717 09:46:28.817000,8675175,750,890675,0.36,NQNX,12544
CYCU,20250717 09:46:28.932000,8675607,300,890975,0.36,NQNX,12544
CYCU,20250717 09:46:29.361000,8676772,10,890985,0.36,NTRF,12659
CYCU,20250717 09:46:31.618000,8683947,500,891485,0.36,NQNX,12544
CYCU,20250717 09:46:34.701000,8695803,1,891486,0.36,NQNX,12659
CYCU,20250717 09:46:34.838000,8696152,500,891986,0.36,NQNX,12544
CYCU,20250717 09:46:34.971000,8696507,800,892786,0.36,NQNX,12544
CYCU,20250717 09:46:38.210000,8705549,175,892961,0.36,NQNX,12544
CYCU,20250717 09:46:40.390000,8714268,10,892971,0.36,NQNX,12659
CYCU,20250717 09:46:42.596000,8720557,100,893071,0.36,NQNX,12544
CYCU,20250717 09:46:42.596000,8720558,100,893171,0.36,NQNX,12544
CYCU,20250717 09:46:42.596000,8720560,100,893271,0.36,NQNX,12544
CYCU,20250717 09:46:42.597000,8720563,100,893471,0.36,NQNX,12544
CYCU,20250717 09:46:42.597000,8720562,100,893371,0.36,NQNX,12544
CYCU,20250717 09:46:42.598000,8720568,100,893871,0.36,NQNX,12544
CYCU,20250717 09:46:42.598000,8720566,100,893671,0.36,NQNX,12544
CYCU,20250717 09:46:42.598000,8720567,100,893771,0.36,NQNX,12544
CYCU,20250717 09:46:42.598000,8720565,100,893571,0.36,NQNX,12544
CYCU,20250717 09:46:42.599000,8720569,100,893971,0.36,NQNX,12544
CYCU,20250717 09:46:42.606000,8720597,138,894109,0.36,NTRF,12544
CYCU,20250717 09:46:43.024000,8722583,400,894509,0.36,NQNX,12544
CYCU,20250717 09:46:47.028000,8735534,1375,895884,0.36,NQNX,12544
CYCU,20250717 09:46:47.058000,8735639,200,896084,0.36,NQNX,12544
CYCU,20250717 09:46:48.080000,8739422,170,896254,0.36,NTRF,12544
CYCU,20250717 09:46:48.643000,8740998,1000,897254,0.36,NQNX,12544
CYCU,20250717 09:46:51.508000,8750002,100,897354,0.36,NTRF,12544
CYCU,20250717 09:46:51.717000,8751078,4400,901754,0.36,NQNX,12544
CYCU,20250717 09:46:55.629000,8760605,300,902054,0.36,NQNX,12544
CYCU,20250717 09:46:58.269000,8768476,100,902254,0.36,NQNX,12544
CYCU,20250717 09:46:58.269000,8768478,100,902454,0.36,NQNX,12544
CYCU,20250717 09:46:58.269000,8768475,100,902154,0.36,NQNX,12544
CYCU,20250717 09:46:58.269000,8768477,100,902354,0.36,NQNX,12544
CYCU,20250717 09:46:58.270000,8768481,100,902854,0.36,NQNX,12544
CYCU,20250717 09:46:58.270000,8768480,200,902754,0.36,NQNX,12544
CYCU,20250717 09:46:58.270000,8768479,100,902554,0.36,NQNX,12544
CYCU,20250717 09:46:59.126000,8771343,50,902904,0.36,NQNX,12659
CYCU,20250717 09:46:59.147000,8771394,800,904504,0.36,NQNX,12544
CYCU,20250717 09:46:59.147000,8771391,800,903704,0.36,NQNX,12544
CYCU,20250717 09:47:00.062000,8773318,200,904704,0.36,NTRF,12544
CYCU,20250717 09:47:01.617000,8779955,600,905304,0.36,NQNX,12544
CYCU,20250717 09:47:02.188000,8783114,1000,906304,0.36,NQNX,12544
CYCU,20250717 09:47:03.702000,8788071,300,907104,0.36,NQNX,12544
CYCU,20250717 09:47:03.702000,8788068,200,906504,0.36,NQNX,12544
CYCU,20250717 09:47:03.702000,8788069,300,906804,0.36,NQNX,12544
CYCU,20250717 09:47:03.703000,8788077,400,908104,0.36,NQNX,12544
CYCU,20250717 09:47:03.703000,8788078,200,908304,0.36,NQNX,12544
CYCU,20250717 09:47:03.703000,8788080,300,908604,0.36,NQNX,12544
CYCU,20250717 09:47:03.703000,8788072,200,907304,0.36,NQNX,12544
CYCU,20250717 09:47:03.703000,8788074,300,907604,0.36,NQNX,12544
CYCU,20250717 09:47:03.703000,8788075,100,907704,0.36,NQNX,12544
CYCU,20250717 09:47:03.704000,8788082,300,908904,0.36,NQNX,12544
CYCU,20250717 09:47:03.704000,8788086,300,909804,0.36,IEX,12544
CYCU,20250717 09:47:03.704000,8788084,600,909504,0.36,NQEX,12544
CYCU,20250717 09:47:03.712000,8788107,200,910004,0.36,NQNX,12544
CYCU,20250717 09:47:03.718000,8788114,100,910104,0.36,NQNX,12544
CYCU,20250717 09:47:03.719000,8788121,100,910704,0.36,NQNX,12544
CYCU,20250717 09:47:03.719000,8788120,100,910604,0.36,NQNX,12544
CYCU,20250717 09:47:03.719000,8788119,100,910504,0.36,NQNX,12544
CYCU,20250717 09:47:03.719000,8788118,100,910404,0.36,NQNX,12544
CYCU,20250717 09:47:03.719000,8788117,100,910304,0.36,NQNX,12544
CYCU,20250717 09:47:03.719000,8788116,90,910204,0.36,NQNX,12659
CYCU,20250717 09:47:03.719000,8788115,10,910114,0.36,NQNX,12659
CYCU,20250717 09:47:03.719000,8788122,100,910804,0.36,NQNX,12544
CYCU,20250717 09:47:03.720000,8788129,100,911414,0.36,NQEX,12544
CYCU,20250717 09:47:03.720000,8788130,100,911514,0.36,NQEX,12544
CYCU,20250717 09:47:03.720000,8788128,300,911314,0.36,NQEX,12544
CYCU,20250717 09:47:03.720000,8788126,100,910914,0.36,NQNX,12544
CYCU,20250717 09:47:03.720000,8788131,100,911614,0.36,NTRF,12544
CYCU,20250717 09:47:03.720000,8788132,100,911714,0.36,IEX,12544
CYCU,20250717 09:47:03.720000,8788127,100,911014,0.36,NQEX,12544
CYCU,20250717 09:47:03.720000,8788125,10,910814,0.36,NQNX,12659
CYCU,20250717 09:47:03.721000,8788133,100,911814,0.36,NTRF,12544
CYCU,20250717 09:47:03.722000,8788135,100,912014,0.36,NTRF,12544
CYCU,20250717 09:47:03.722000,8788134,100,911914,0.36,NTRF,12544
CYCU,20250717 09:47:03.723000,8788137,300,912414,0.36,NTRF,12544
CYCU,20250717 09:47:03.723000,8788136,100,912114,0.36,NTRF,12544
CYCU,20250717 09:47:03.733000,8788148,100,912514,0.36,NQEX,12544
CYCU,20250717 09:47:03.735000,8788156,100,912614,0.36,NTRF,12544
CYCU,20250717 09:47:03.736000,8788159,590,913204,0.36,NTRF,12544
CYCU,20250717 09:47:05.060000,8792346,500,913704,0.36,NQNX,12544
CYCU,20250717 09:47:05.587000,8794105,42,913746,0.36,NQNX,12659
CYCU,20250717 09:47:06.074000,8795361,138,913884,0.36,NQNX,12544
CYCU,20250717 09:47:08.985000,8804861,100,913984,0.36,NQNX,12544
CYCU,20250717 09:47:08.985000,8804862,100,914084,0.36,NQNX,12544
CYCU,20250717 09:47:08.986000,8804869,100,914184,0.36,NQNX,12544
CYCU,20250717 09:47:08.987000,8804879,100,914484,0.36,NQNX,12544
CYCU,20250717 09:47:08.987000,8804877,100,914284,0.36,NQNX,12544
CYCU,20250717 09:47:08.987000,8804878,100,914384,0.36,NQNX,12544
CYCU,20250717 09:47:11.264000,8812372,112,914596,0.36,NQNX,12544
CYCU,20250717 09:47:11.266000,8812375,112,914708,0.36,NQNX,12544
CYCU,20250717 09:47:11.330000,8812591,90,914798,0.36,NQNX,12659
CYCU,20250717 09:47:11.331000,8812605,90,914888,0.36,NQNX,12659
CYCU,20250717 09:47:14.118000,8821466,400,915288,0.36,NQNX,12544
CYCU,20250717 09:47:16.254000,8826846,100,915388,0.36,NQNX,12544
CYCU,20250717 09:47:18.570000,8833019,500,915888,0.36,NQNX,12544
CYCU,20250717 09:47:19.008000,8834309,100,916440,0.36,NQNX,12544
CYCU,20250717 09:47:19.008000,8834305,100,916240,0.36,NQNX,12544
CYCU,20250717 09:47:19.008000,8834304,100,916140,0.36,NQNX,12544
CYCU,20250717 09:47:19.008000,8834299,152,916040,0.36,NQNX,12544
CYCU,20250717 09:47:19.008000,8834306,100,916340,0.36,IEX,12544
CYCU,20250717 09:47:20.100000,8837170,100,916540,0.36,NQNX,12544
CYCU,20250717 09:47:20.101000,8837172,100,916640,0.36,NQNX,12544
CYCU,20250717 09:47:20.102000,8837175,100,916740,0.36,IEX,12544
CYCU,20250717 09:47:21.758000,8841139,20,916760,0.36,NQNX,12659
CYCU,20250717 09:47:27.359000,8858449,100,916860,0.36,NQNX,12544
CYCU,20250717 09:47:27.359000,8858450,100,916960,0.36,NQNX,12544
CYCU,20250717 09:47:27.360000,8858451,100,917060,0.36,NQNX,12544
CYCU,20250717 09:47:27.360000,8858452,100,917160,0.36,NQNX,12544
CYCU,20250717 09:47:27.369000,8858469,100,917260,0.36,NQEX,12544
CYCU,20250717 09:47:32.248000,8875581,200,917460,0.36,NQNX,12544
CYCU,20250717 09:47:34.250000,8881144,750,918210,0.36,NQNX,12544
CYCU,20250717 09:47:34.251000,8881148,100,918310,0.36,NQNX,12544
CYCU,20250717 09:47:49.660000,8927420,100,918410,0.36,NQNX,12544
CYCU,20250717 09:47:49.752000,8927628,601,919011,0.36,NQNX,12544
CYCU,20250717 09:47:50.945000,8931238,100,919111,0.36,NQNX,12544
CYCU,20250717 09:47:52.073000,8934691,100,919211,0.36,NQNX,12544
CYCU,20250717 09:47:54.475000,8940812,200,919411,0.36,NQNX,12544
CYCU,20250717 09:47:55.099000,8942518,2000,921411,0.36,NQNX,12544
CYCU,20250717 09:47:55.344000,8943051,100,921611,0.36,IEX,12544
CYCU,20250717 09:47:55.344000,8943049,100,921511,0.36,NQEX,12544
CYCU,20250717 09:47:55.345000,8943053,100,921711,0.36,NQEX,12544
CYCU,20250717 09:47:55.349000,8943061,200,921911,0.36,NQEX,12544
CYCU,20250717 09:47:55.349000,8943062,300,922211,0.36,MEMX,12544
CYCU,20250717 09:47:55.349000,8943063,100,922311,0.36,PACF,12544
CYCU,20250717 09:47:55.349000,8943064,100,922411,0.36,MEMX,12639
CYCU,20250717 09:47:55.351000,8943067,3100,925511,0.36,NTRF,12544
CYCU,20250717 09:47:57.769000,8949435,200,925711,0.36,NQNX,12544
CYCU,20250717 09:47:58.547000,8951387,500,926711,0.36,NQNX,12544
CYCU,20250717 09:47:58.547000,8951388,1000,927711,0.36,NQNX,12544
CYCU,20250717 09:47:58.547000,8951386,500,926211,0.36,NQNX,12544
CYCU,20250717 09:47:59.956000,8954598,100,927811,0.36,NQEX,12639
CYCU,20250717 09:47:59.956000,8954599,300,928111,0.36,PACF,12544
CYCU,20250717 09:47:59.956000,8954600,750,928861,0.36,BATY,12639
CYCU,20250717 09:47:59.957000,8954602,2949,931810,0.36,PACF,12639
CYCU,20250717 09:47:59.957000,8954603,298,932108,0.36,PACF,12639
CYCU,20250717 09:47:59.957000,8954604,298,932406,0.36,PACF,12639
CYCU,20250717 09:47:59.957000,8954605,278,932684,0.36,PACF,12639
CYCU,20250717 09:47:59.957000,8954606,2000,934684,0.36,PACF,12639
CYCU,20250717 09:47:59.958000,8954607,4117,938801,0.36,PACF,12639
CYCU,20250717 09:47:59.958000,8954608,300,939101,0.36,NTRF,12544
CYCU,20250717 09:48:01.958000,8960008,600,939701,0.36,NQNX,12544
CYCU,20250717 09:48:03.022000,8964136,300,940001,0.36,NQNX,12544
CYCU,20250717 09:48:04.392000,8969171,100,940101,0.36,NQNX,12544
CYCU,20250717 09:48:05.744000,8974511,200,940301,0.36,NQNX,12544
CYCU,20250717 09:48:08.404000,8981476,200,940501,0.36,NQNX,12544
CYCU,20250717 09:48:16.766000,9008277,555,941056,0.36,NQEX,12544
CYCU,20250717 09:48:16.767000,9008279,100,941156,0.36,PACF,12544
CYCU,20250717 09:48:16.767000,9008280,4345,945501,0.36,NQEX,12544
CYCU,20250717 09:48:16.770000,9008288,555,946056,0.36,NQEX,12544
CYCU,20250717 09:48:16.771000,9008289,4445,950501,0.36,NQEX,12544
CYCU,20250717 09:48:16.774000,9008292,10000,960501,0.36,NTRF,12544
CYCU,20250717 09:48:17.389000,9009842,400,960901,0.36,NQNX,12544
CYCU,20250717 09:48:18.010000,9011883,2000,962901,0.36,NTRF,12544
CYCU,20250717 09:48:18.654000,9013594,400,963301,0.36,NQNX,12544
CYCU,20250717 09:48:18.654000,9013597,1000,964301,0.36,NQNX,12544
CYCU,20250717 09:48:22.412000,9024616,11,964312,0.36,NTRF,12659
CYCU,20250717 09:48:22.998000,9026401,600,964912,0.36,NQNX,12544
CYCU,20250717 09:48:22.998000,9026402,100,965012,0.36,NQNX,12544
CYCU,20250717 09:48:24.264000,9030282,120,965132,0.36,NTRF,12544
CYCU,20250717 09:48:26.273000,9036558,28,965160,0.36,NQNX,12659
CYCU,20250717 09:48:26.278000,9036565,100,965260,0.36,NQNX,12544
CYCU,20250717 09:48:26.688000,9037623,250,965510,0.36,NQNX,12544
CYCU,20250717 09:48:27.394000,9040537,45,965555,0.36,PACF,12659
CYCU,20250717 09:48:27.473000,9040814,55,965610,0.36,MIAX,12659
CYCU,20250717 09:48:27.477000,9040821,200,965810,0.36,NQEX,12544
CYCU,20250717 09:48:27.485000,9040853,100,965910,0.36,PACF,12544
CYCU,20250717 09:48:27.487000,9040859,100,966010,0.36,NQNX,12544
CYCU,20250717 09:48:27.487000,9040862,1645,967655,0.36,NQNX,12544
CYCU,20250717 09:48:36.775000,9063512,54,967709,0.36,NQNX,12659
CYCU,20250717 09:48:38.934000,9068124,3,967712,0.36,NQNX,12659
CYCU,20250717 09:48:40.588000,9072133,1000,968712,0.36,NTRF,12544
CYCU,20250717 09:48:42.945000,9079958,300,969012,0.36,NQNX,12544
CYCU,20250717 09:48:45.596000,9085856,2,969014,0.36,NQNX,12659
CYCU,20250717 09:48:47.422000,9092658,1100,970114,0.36,NQNX,12544
CYCU,20250717 09:48:49.030000,9096427,21,970135,0.36,NQNX,12659
CYCU,20250717 09:48:50.451000,9100439,200,970335,0.36,NTRF,12544
CYCU,20250717 09:48:50.620000,9100915,27,970362,0.36,IEX,12659
CYCU,20250717 09:48:51.107000,9102092,200,970562,0.36,IEX,12544
CYCU,20250717 09:48:51.110000,9102097,200,970762,0.36,PACF,12544
CYCU,20250717 09:48:51.113000,9102104,200,970962,0.36,PACF,12544
CYCU,20250717 09:48:51.116000,9102112,100,971062,0.36,PACF,12544
CYCU,20250717 09:48:51.122000,9102138,35,971097,0.36,NQNX,12659
CYCU,20250717 09:48:52.692000,9106018,100,971197,0.36,NQEX,12544
CYCU,20250717 09:48:52.704000,9106043,105,971302,0.36,PACF,12544
CYCU,20250717 09:48:52.709000,9106049,176,971478,0.36,PACF,12544
CYCU,20250717 09:48:54.860000,9111428,19,971497,0.36,NQNX,12659
CYCU,20250717 09:48:57.411000,9117467,500,971997,0.36,MEMX,12544
CYCU,20250717 09:48:57.418000,9117502,276,972273,0.36,NQEX,12544
CYCU,20250717 09:48:57.419000,9117503,24,972297,0.36,PACF,12659
CYCU,20250717 09:48:57.419000,9117504,200,972497,0.36,PACF,12544
CYCU,20250717 09:48:57.833000,9118379,450,972947,0.36,NTRF,12544
CYCU,20250717 09:49:00.045000,9122750,300,973247,0.36,NTRF,12544
CYCU,20250717 09:49:06.064000,9142742,1000,974247,0.36,NQNX,12544
CYCU,20250717 09:49:14.235000,9165580,18,974265,0.36,NTRF,12659
CYCU,20250717 09:49:17.361000,9175239,500,975989,0.36,EDGX,12544
CYCU,20250717 09:49:17.361000,9175238,500,975489,0.36,EDGX,12544
CYCU,20250717 09:49:17.361000,9175237,724,974989,0.36,NQEX,12544
CYCU,20250717 09:49:17.362000,9175241,200,976389,0.36,PACF,12544
CYCU,20250717 09:49:17.362000,9175240,200,976189,0.36,PACF,12544
CYCU,20250717 09:49:17.362000,9175242,366,976755,0.36,PACF,12544
CYCU,20250717 09:49:17.367000,9175249,2500,984265,0.36,PACF,12544
CYCU,20250717 09:49:17.367000,9175248,5010,981765,0.36,MEMX,12544
CYCU,20250717 09:49:23.936000,9193795,300,984565,0.36,NTRF,12544
CYCU,20250717 09:49:24.116000,9194270,5000,989565,0.36,NQNX,12544
CYCU,20250717 09:49:24.130000,9194303,14500,1004065,0.36,EDGX,12639
CYCU,20250717 09:49:24.130000,9194304,200,1004265,0.36,NQEX,12639
CYCU,20250717 09:49:24.132000,9194307,18500,1022765,0.36,NQNX,12544
CYCU,20250717 09:49:26.642000,9200184,100,1022865,0.36,NQEX,12639
CYCU,20250717 09:49:26.643000,9200185,1292,1024157,0.36,MEMX,12639
CYCU,20250717 09:49:26.644000,9200195,500,1034216,0.37,EDGX,12639
CYCU,20250717 09:49:26.644000,9200194,10,1033716,0.37,EDGX,12659
CYCU,20250717 09:49:26.644000,9200193,1235,1033706,0.37,MIAX,12639
CYCU,20250717 09:49:26.644000,9200192,2181,1032471,0.36,PACF,12639
CYCU,20250717 09:49:26.644000,9200196,325,1034541,0.37,MIAX,12639
CYCU,20250717 09:49:26.644000,9200189,918,1030190,0.37,NQEX,12639
CYCU,20250717 09:49:26.644000,9200188,2000,1029272,0.36,PACF,12639
CYCU,20250717 09:49:26.644000,9200187,3115,1027272,0.36,PACF,12639
CYCU,20250717 09:49:26.644000,9200190,100,1030290,0.37,NQEX,12639
CYCU,20250717 09:49:27.033000,9201182,560,1036101,0.37,MIAX,12639
CYCU,20250717 09:49:27.033000,9201181,1000,1035541,0.37,MIAX,12639
CYCU,20250717 09:49:27.035000,9201206,12480,1048581,0.37,NQNX,12544
CYCU,20250717 09:49:27.447000,9202549,1,1048582,0.37,PACF,12659
CYCU,20250717 09:49:27.460000,9202603,100,1048782,0.37,BATS,12544
CYCU,20250717 09:49:27.460000,9202604,30,1048812,0.37,NQNX,12659
CYCU,20250717 09:49:27.460000,9202597,100,1048682,0.37,NQEX,12544
CYCU,20250717 09:49:27.463000,9202608,99,1048911,0.37,NTRF,12659
CYCU,20250717 09:49:27.632000,9202977,200,1049111,0.37,NQEX,12639
CYCU,20250717 09:49:27.632000,9202978,300,1049411,0.37,NQEX,12639
CYCU,20250717 09:49:29.002000,9207394,1,1049412,0.37,NQNX,12659
CYCU,20250717 09:49:34.771000,9222968,1200,1050612,0.37,NQNX,12544
CYCU,20250717 09:49:34.771000,9222969,800,1051412,0.37,NQNX,12544
CYCU,20250717 09:49:34.772000,9222988,1200,1052612,0.37,NQNX,12544
CYCU,20250717 09:49:34.772000,9223003,800,1053412,0.37,NQNX,12544
CYCU,20250717 09:49:38.723000,9232888,28700,1082112,0.37,NQNX,12544
CYCU,20250717 09:49:38.725000,9232889,28700,1110812,0.37,NQNX,12544
CYCU,20250717 09:49:38.726000,9232891,43500,1162112,0.37,NQNX,12544
CYCU,20250717 09:49:38.726000,9232890,7800,1118612,0.37,NQNX,12544
CYCU,20250717 09:49:40.750000,9240416,500,1162612,0.37,NQEX,12639
CYCU,20250717 09:49:40.754000,9240426,600,1165527,0.37,EDGX,12639
CYCU,20250717 09:49:40.754000,9240427,200,1165727,0.37,EDGX,12639
CYCU,20250717 09:49:40.754000,9240428,683,1166410,0.37,EDGX,12639
CYCU,20250717 09:49:40.754000,9240425,834,1164927,0.37,EDGX,12639
CYCU,20250717 09:49:40.754000,9240424,1471,1164093,0.37,EDGX,12639
CYCU,20250717 09:49:40.754000,9240423,10,1162622,0.37,EDGX,12659
CYCU,20250717 09:49:40.755000,9240437,1202,1167612,0.37,EDGX,12639
CYCU,20250717 09:49:41.055000,9242028,1000,1170412,0.37,NQNX,12544
CYCU,20250717 09:49:41.055000,9242023,600,1168212,0.37,NQNX,12544
CYCU,20250717 09:49:41.055000,9242025,1200,1169412,0.37,NQNX,12544
CYCU,20250717 09:49:43.277000,9247996,100,1170512,0.37,NQEX,12544
CYCU,20250717 09:49:43.278000,9247999,900,1171512,0.37,NQNX,12544
CYCU,20250717 09:49:43.278000,9247998,100,1170612,0.37,NQNX,12544
CYCU,20250717 09:49:44.391000,9252966,1000,1172512,0.37,NQNX,12544
CYCU,20250717 09:49:51.156000,9271715,1000,1173512,0.37,NQNX,12544
CYCU,20250717 09:49:51.657000,9272621,2000,1175512,0.37,NQNX,12544
CYCU,20250717 09:49:52.026000,9273273,5000,1180512,0.37,NQNX,12544
CYCU,20250717 09:49:55.573000,9282970,2,1180514,0.37,NQNX,12659
CYCU,20250717 09:49:55.641000,9283034,1000,1181514,0.37,NQNX,12544
CYCU,20250717 09:49:55.939000,9284215,1163,1182677,0.37,NQNX,12544
CYCU,20250717 09:49:55.939000,9284218,7037,1189714,0.37,NQNX,12544
CYCU,20250717 09:49:56.728000,9285998,2000,1191714,0.37,NTRF,12544
CYCU,20250717 09:49:59.232000,9292390,620,1192334,0.37,NQNX,12544
CYCU,20250717 09:49:59.677000,9293488,2,1192336,0.37,NQNX,12659
CYCU,20250717 09:50:00.169000,9295740,100,1192436,0.37,NQEX,12544
CYCU,20250717 09:50:00.169000,9295741,350,1192786,0.37,MEMX,12544
CYCU,20250717 09:50:00.634000,9297790,1000,1193786,0.37,NQNX,12544
CYCU,20250717 09:50:04.191000,9311099,3,1193789,0.37,NQEX,12659
CYCU,20250717 09:50:06.003000,9317669,90,1193879,0.37,PACF,12659
CYCU,20250717 09:50:06.011000,9317682,500,1194379,0.37,MEMX,12544
CYCU,20250717 09:50:06.011000,9317683,300,1194679,0.37,MEMX,12544
CYCU,20250717 09:50:06.012000,9317686,300,1194979,0.37,NQNX,12544
CYCU,20250717 09:50:06.013000,9317692,1200,1197379,0.37,NQNX,12544
CYCU,20250717 09:50:06.013000,9317695,1200,1199179,0.37,NQNX,12544
CYCU,20250717 09:50:06.013000,9317696,5410,1204589,0.37,NQNX,12544
CYCU,20250717 09:50:06.013000,9317693,600,1197979,0.37,NQNX,12544
CYCU,20250717 09:50:06.013000,9317689,600,1195579,0.37,NQNX,12544
CYCU,20250717 09:50:06.013000,9317690,600,1196179,0.37,NQNX,12544
CYCU,20250717 09:50:06.014000,9317698,1200,1205789,0.37,NQNX,12544
CYCU,20250717 09:50:08.225000,9323357,1000,1206789,0.37,NTRF,12544
CYCU,20250717 09:50:09.165000,9326278,1000,1207789,0.37,NQNX,12544
CYCU,20250717 09:50:09.659000,9328689,5000,1212789,0.37,NQNX,12544
CYCU,20250717 09:50:09.750000,9329126,4000,1216789,0.37,NTRF,12544
CYCU,20250717 09:50:11.113000,9333294,300,1217089,0.37,NQNX,12544
CYCU,20250717 09:50:11.114000,9333295,200,1217289,0.37,NTRF,12544
CYCU,20250717 09:50:11.161000,9333431,200,1217489,0.37,NQNX,12544
CYCU,20250717 09:50:11.446000,9334128,197,1217686,0.37,NQEX,12544
CYCU,20250717 09:50:11.449000,9334130,500,1218186,0.37,NQNX,12544
CYCU,20250717 09:50:11.449000,9334131,197,1218383,0.37,NTRF,12544
CYCU,20250717 09:50:11.450000,9334134,500,1219883,0.37,NTRF,12544
CYCU,20250717 09:50:11.450000,9334132,500,1218883,0.37,MEMX,12544
CYCU,20250717 09:50:11.450000,9334133,500,1219383,0.37,PACF,12544
CYCU,20250717 09:50:11.451000,9334140,500,1220383,0.37,NTRF,12544
CYCU,20250717 09:50:11.452000,9334147,500,1220883,0.37,NTRF,12544
CYCU,20250717 09:50:11.462000,9334165,1000,1221883,0.37,NQNX,12544
CYCU,20250717 09:50:11.463000,9334168,2200,1224183,0.37,MEMX,12544
CYCU,20250717 09:50:11.463000,9334169,2450,1226633,0.37,NQNX,12544
CYCU,20250717 09:50:11.463000,9334167,100,1221983,0.37,NQEX,12544
CYCU,20250717 09:50:11.464000,9334170,1000,1227633,0.37,NTRF,12544
CYCU,20250717 09:50:11.464000,9334171,2200,1229833,0.37,NTRF,12544
CYCU,20250717 09:50:11.465000,9334174,3,1229836,0.37,NTRF,12659
CYCU,20250717 09:50:11.848000,9334825,595,1230431,0.37,NQNX,12544
CYCU,20250717 09:50:12.197000,9335764,5000,1235431,0.37,NQNX,12544
CYCU,20250717 09:50:12.952000,9337784,1000,1236431,0.37,NQNX,12544
CYCU,20250717 09:50:12.952000,9337785,100,1236531,0.37,NQNX,12544
CYCU,20250717 09:50:13.013000,9338017,8,1236539,0.37,NQNX,12659
CYCU,20250717 09:50:14.524000,9344541,860,1237399,0.37,NQNX,12544
CYCU,20250717 09:50:17.160000,9352284,1,1237400,0.37,NQNX,12659
CYCU,20250717 09:50:18.379000,9355208,2452,1239852,0.37,NQNX,12544
CYCU,20250717 09:50:18.553000,9355762,159,1240011,0.37,NQNX,12544
CYCU,20250717 09:50:19.148000,9357257,17,1240028,0.37,NQNX,12659
CYCU,20250717 09:50:21.346000,9363152,2000,1242028,0.37,NQNX,12544
CYCU,20250717 09:50:21.547000,9363639,70,1242098,0.37,NQNX,12659
CYCU,20250717 09:50:22.730000,9366889,1000,1243098,0.37,NQNX,12544
CYCU,20250717 09:50:22.794000,9367073,100,1243198,0.37,NQNX,12544
CYCU,20250717 09:50:22.917000,9367391,18,1243216,0.37,NQNX,12659
CYCU,20250717 09:50:25.966000,9375581,100,1243316,0.37,NQNX,12544
CYCU,20250717 09:50:26.423000,9376484,2000,1245316,0.37,NQNX,12544
CYCU,20250717 09:50:28.995000,9383328,5000,1250316,0.37,NQNX,12544
CYCU,20250717 09:50:30.060000,9386138,5000,1255316,0.37,NQNX,12544
CYCU,20250717 09:50:30.366000,9386946,35,1255351,0.37,NQNX,12659
CYCU,20250717 09:50:30.461000,9387096,1000,1256351,0.37,NQNX,12544
CYCU,20250717 09:50:31.672000,9391028,32,1256383,0.37,NQNX,12659
CYCU,20250717 09:50:32.627000,9393658,2300,1258683,0.37,NQNX,12544
CYCU,20250717 09:50:32.628000,9393664,7700,1266383,0.37,NQNX,12544
CYCU,20250717 09:50:35.536000,9400823,1300,1267683,0.37,NQNX,12544
CYCU,20250717 09:50:35.979000,9401969,50,1267733,0.37,PACF,12659
CYCU,20250717 09:50:35.981000,9401970,4950,1272683,0.37,NQNX,12544
CYCU,20250717 09:50:38.480000,9409192,300,1272983,0.37,NQNX,12544
CYCU,20250717 09:50:40.385000,9414246,3,1272986,0.37,NQNX,12659
CYCU,20250717 09:50:41.846000,9418127,1407,1274393,0.37,NQNX,12544
CYCU,20250717 09:50:42.340000,9419708,200,1274593,0.37,NQNX,12544
CYCU,20250717 09:50:42.957000,9421910,3200,1277793,0.37,NQNX,12544
CYCU,20250717 09:50:42.958000,9421913,1000,1278993,0.37,EDGX,12544
CYCU,20250717 09:50:42.958000,9421912,200,1277993,0.37,NQEX,12544
CYCU,20250717 09:50:42.959000,9421914,6000,1284993,0.37,PACF,12544
CYCU,20250717 09:50:42.964000,9421970,1000,1285993,0.37,NQEX,12544
CYCU,20250717 09:50:42.965000,9421972,25,1286018,0.38,NQNX,12659
CYCU,20250717 09:50:42.970000,9421981,1364,1287382,0.38,NQEX,12544
CYCU,20250717 09:50:42.970000,9421982,1636,1289018,0.38,NQEX,12544
CYCU,20250717 09:50:42.970000,9421983,300,1289318,0.38,NQEX,12544
CYCU,20250717 09:50:42.970000,9421984,1926,1291244,0.38,EDGX,12544
CYCU,20250717 09:50:42.970000,9421985,283,1291527,0.38,MEMX,12544
CYCU,20250717 09:50:42.970000,9421989,10,1311511,0.38,PACF,12659
CYCU,20250717 09:50:42.970000,9421988,9019,1311501,0.38,NQNX,12544
CYCU,20250717 09:50:42.970000,9421990,300,1311811,0.38,PACF,12544
CYCU,20250717 09:50:42.970000,9421986,6100,1297627,0.38,MEMX,12544
CYCU,20250717 09:50:42.970000,9421987,4855,1302482,0.38,MEMX,12544
CYCU,20250717 09:50:43.721000,9424015,1000,1312811,0.37,NQNX,12544
CYCU,20250717 09:50:44.194000,9425979,500,1313311,0.38,NQNX,12544
CYCU,20250717 09:50:44.954000,9428245,607,1313918,0.37,NQNX,12544
CYCU,20250717 09:50:46.245000,9432651,9000,1322918,0.38,NQNX,12544
CYCU,20250717 09:50:46.812000,9433619,693,1323611,0.37,NQNX,12544
CYCU,20250717 09:50:48.433000,9438049,500,1324111,0.37,NQNX,12544
CYCU,20250717 09:50:50.409000,9444293,50,1324161,0.38,NTRF,12659
CYCU,20250717 09:50:50.441000,9444405,300,1324461,0.37,NQNX,12544
CYCU,20250717 09:50:51.809000,9447154,2,1324463,0.38,PACF,12659
CYCU,20250717 09:50:51.811000,9447155,98,1324561,0.38,NQNX,12659
CYCU,20250717 09:50:51.929000,9447375,300,1325161,0.37,NQNX,12544
CYCU,20250717 09:50:51.929000,9447374,300,1324861,0.37,NQNX,12544
CYCU,20250717 09:50:52.180000,9447968,500,1325661,0.38,NQNX,12544
CYCU,20250717 09:50:52.612000,9449827,1374,1327035,0.38,NQNX,12544
CYCU,20250717 09:50:52.670000,9450003,1000,1328035,0.38,NTRF,12544
CYCU,20250717 09:50:53.958000,9454139,300,1328335,0.37,NQNX,12544
CYCU,20250717 09:50:56.897000,9462976,1024,1329359,0.38,NTRF,12544
CYCU,20250717 09:51:02.609000,9481007,30,1329389,0.38,NQNX,12659
CYCU,20250717 09:51:03.351000,9484536,52,1329441,0.38,NQNX,12659
CYCU,20250717 09:51:05.544000,9492012,30,1329471,0.38,NQNX,12659
CYCU,20250717 09:51:07.210000,9497850,453,1329924,0.38,NQNX,12544
CYCU,20250717 09:51:07.210000,9497857,600,1330524,0.38,NQNX,12544
CYCU,20250717 09:51:07.210000,9497859,1200,1331724,0.38,NQNX,12544
CYCU,20250717 09:51:07.210000,9497861,2400,1334124,0.38,NQNX,12544
CYCU,20250717 09:51:07.211000,9497867,900,1335024,0.38,NQNX,12544
CYCU,20250717 09:51:07.211000,9497878,100,1335124,0.38,NQEX,12639
CYCU,20250717 09:51:07.212000,9497896,500,1349260,0.38,BATS,12544
CYCU,20250717 09:51:07.212000,9497891,1100,1336224,0.38,EDGX,12544
CYCU,20250717 09:51:07.212000,9497894,10000,1348260,0.38,PACF,12544
CYCU,20250717 09:51:07.212000,9497892,2036,1338260,0.38,EDGX,12544
CYCU,20250717 09:51:07.212000,9497895,500,1348760,0.38,EDGX,12544
CYCU,20250717 09:51:07.212000,9497897,500,1349760,0.38,BATY,12544
CYCU,20250717 09:51:07.213000,9497898,500,1350260,0.38,PACF,12544
CYCU,20250717 09:51:07.213000,9497899,500,1350760,0.38,NYSE,12544
CYCU,20250717 09:51:07.214000,9497902,57,1350817,0.38,PACF,12659
CYCU,20250717 09:51:07.214000,9497903,100,1350917,0.38,PACF,12544
CYCU,20250717 09:51:07.214000,9497904,100,1351017,0.38,PACF,12544
CYCU,20250717 09:51:07.215000,9497905,239,1351256,0.38,NQNX,12544
CYCU,20250717 09:51:07.215000,9497906,12727,1363983,0.39,NQEX,12639
CYCU,20250717 09:51:07.222000,9497943,100,1364083,0.38,NQEX,12639
CYCU,20250717 09:51:07.223000,9497948,15,1364283,0.38,NQEX,12659
CYCU,20250717 09:51:07.223000,9497946,100,1364183,0.38,NQEX,12639
CYCU,20250717 09:51:07.223000,9497962,100,1365336,0.38,PACF,12639
CYCU,20250717 09:51:07.223000,9497959,319,1365236,0.38,PACF,12639
CYCU,20250717 09:51:07.223000,9497947,85,1364268,0.38,NQEX,12659
CYCU,20250717 09:51:07.223000,9497955,217,1364717,0.38,MEMX,12639
CYCU,20250717 09:51:07.223000,9497949,217,1364500,0.38,MEMX,12639
CYCU,20250717 09:51:07.223000,9497957,100,1364817,0.38,NYSE,12639
CYCU,20250717 09:51:07.223000,9497958,100,1364917,0.38,PACF,12639
CYCU,20250717 09:51:07.223000,9497963,319,1365655,0.38,PACF,12639
CYCU,20250717 09:51:16.780000,9532447,210,1365865,0.38,NQNX,12544
CYCU,20250717 09:51:21.201000,9547131,500,1366365,0.38,NTRF,12544
CYCU,20250717 09:51:22.248000,9549615,250,1366615,0.38,NTRF,12544
CYCU,20250717 09:51:22.600000,9550941,500,1367115,0.38,NQNX,12544
CYCU,20250717 09:51:24.389000,9556801,54,1367169,0.38,NQNX,12659
CYCU,20250717 09:51:24.389000,9556806,2746,1369915,0.38,NQNX,12544
CYCU,20250717 09:51:24.595000,9557598,50,1369965,0.38,PACF,12659
CYCU,20250717 09:51:25.165000,9558857,260,1370225,0.38,NQNX,12544
CYCU,20250717 09:51:25.776000,9560384,1009,1371234,0.38,NQNX,12544
CYCU,20250717 09:51:25.993000,9560825,100,1371334,0.38,MEMX,12639
CYCU,20250717 09:51:26.656000,9562668,5500,1376834,0.38,NQNX,12544
CYCU,20250717 09:51:27.755000,9564931,100,1376934,0.38,NTRF,12544
CYCU,20250717 09:51:27.831000,9565118,3100,1386834,0.38,NQNX,12544
CYCU,20250717 09:51:27.831000,9565117,6500,1383734,0.38,NQNX,12544
CYCU,20250717 09:51:27.831000,9565116,300,1377234,0.38,NQNX,12544
CYCU,20250717 09:51:27.831000,9565119,6600,1393434,0.38,NQNX,12544
CYCU,20250717 09:51:27.834000,9565125,3200,1396634,0.38,NQNX,12544
CYCU,20250717 09:51:27.838000,9565135,300,1396934,0.38,NQEX,12544
CYCU,20250717 09:51:28.650000,9567203,300,1397234,0.38,NQNX,12544
CYCU,20250717 09:51:29.118000,9568453,9000,1406234,0.38,NQNX,12544
CYCU,20250717 09:51:33.579000,9579452,1000,1407234,0.38,NQNX,12544
CYCU,20250717 09:51:34.404000,9581443,351,1407585,0.38,NQNX,12544
CYCU,20250717 09:51:34.404000,9581444,2663,1410248,0.38,NQNX,12544
CYCU,20250717 09:51:38.475000,9592609,1000,1411248,0.38,NQNX,12544
CYCU,20250717 09:51:38.967000,9594071,39,1411287,0.38,NQNX,12659
CYCU,20250717 09:51:40.363000,9598477,300,1411587,0.38,NQNX,12544
CYCU,20250717 09:51:41.513000,9600902,1250,1412837,0.38,NQNX,12544
CYCU,20250717 09:51:42.410000,9603569,20,1412857,0.38,NQNX,12659
CYCU,20250717 09:51:43.586000,9606962,245,1413102,0.38,NQNX,12544
CYCU,20250717 09:51:46.017000,9615418,200,1413302,0.38,NQNX,12544
CYCU,20250717 09:51:46.398000,9616295,1000,1414302,0.38,NQNX,12544
CYCU,20250717 09:51:48.375000,9622040,1000,1415302,0.38,NQNX,12544
CYCU,20250717 09:51:50.297000,9626828,1000,1416302,0.38,NQNX,12544
CYCU,20250717 09:51:54.850000,9638308,8,1416310,0.38,NQNX,12659
CYCU,20250717 09:51:56.031000,9641214,100,1416410,0.38,NQNX,12544
CYCU,20250717 09:51:56.655000,9643398,144,1416554,0.38,NQNX,12544
CYCU,20250717 09:51:56.738000,9643788,800,1417354,0.38,NTRF,12544
CYCU,20250717 09:52:04.441000,9671237,92,1417446,0.38,NQNX,12659
CYCU,20250717 09:52:06.164000,9677573,1,1417447,0.38,NQNX,12659
CYCU,20250717 09:52:08.949000,9686305,192,1417639,0.38,NTRF,12544
CYCU,20250717 09:52:08.950000,9686306,1108,1418747,0.38,NTRF,12544
CYCU,20250717 09:52:08.960000,9686327,565,1420612,0.38,PACF,12639
CYCU,20250717 09:52:08.960000,9686324,100,1418847,0.38,PACF,12639
CYCU,20250717 09:52:08.960000,9686325,800,1419647,0.38,PACF,12639
CYCU,20250717 09:52:08.960000,9686326,400,1420047,0.38,PACF,12639
CYCU,20250717 09:52:09.574000,9688351,1479,1422091,0.38,NQNX,12544
CYCU,20250717 09:52:10.333000,9690880,632,1422723,0.38,PACF,12544
CYCU,20250717 09:52:10.334000,9690888,19368,1442091,0.38,NQNX,12544
CYCU,20250717 09:52:11.642000,9694665,1300,1443391,0.38,NQNX,12544
CYCU,20250717 09:52:14.836000,9702755,857,1444248,0.38,NQNX,12544
CYCU,20250717 09:52:14.978000,9703130,3400,1447648,0.38,NQNX,12544
CYCU,20250717 09:52:15.986000,9708457,10,1447658,0.38,NQNX,12659
CYCU,20250717 09:52:16.020000,9708751,300,1447958,0.38,NQNX,12544
CYCU,20250717 09:52:16.814000,9711008,20,1447978,0.38,NQNX,12659
CYCU,20250717 09:52:18.306000,9716490,900,1448878,0.38,NTRF,12544
CYCU,20250717 09:52:19.780000,9725054,700,1449578,0.38,NQNX,12544
CYCU,20250717 09:52:20.379000,9727944,3200,1453378,0.38,NQNX,12544
CYCU,20250717 09:52:20.379000,9727943,600,1450178,0.38,NQNX,12544
CYCU,20250717 09:52:20.380000,9727946,1200,1454578,0.38,NQNX,12544
CYCU,20250717 09:52:23.094000,9738117,669,1455247,0.38,NQNX,12544
CYCU,20250717 09:52:23.174000,9738599,20000,1475247,0.38,NQNX,12544
CYCU,20250717 09:52:24.725000,9742564,99,1475346,0.38,NQNX,12659
CYCU,20250717 09:52:27.796000,9751772,10000,1485346,0.38,NQNX,12544
CYCU,20250717 09:52:27.798000,9751785,10000,1495346,0.38,NQNX,12544
CYCU,20250717 09:52:29.166000,9755427,500,1495846,0.38,NQNX,12544
CYCU,20250717 09:52:29.426000,9756357,1400,1497246,0.38,NQNX,12544
CYCU,20250717 09:52:30.060000,9757894,4000,1501246,0.38,NQNX,12544
CYCU,20250717 09:52:30.266000,9758699,200,1501446,0.38,NTRF,12544
CYCU,20250717 09:52:30.895000,9760795,2700,1504146,0.38,NQNX,12544
CYCU,20250717 09:52:30.897000,9760796,100,1504246,0.38,NQNX,12544
CYCU,20250717 09:52:30.914000,9760837,9000,1513246,0.38,NQEX,12639
CYCU,20250717 09:52:30.914000,9760838,500,1513746,0.38,NQEX,12639
CYCU,20250717 09:52:30.914000,9760839,30,1513776,0.38,MEMX,12659
CYCU,20250717 09:52:30.914000,9760840,120,1513896,0.38,EDGX,12639
CYCU,20250717 09:52:30.914000,9760841,50,1513946,0.38,NQNX,12659
CYCU,20250717 09:52:30.914000,9760842,50,1513996,0.38,NQNX,12659
CYCU,20250717 09:52:31.294000,9761960,6000,1519996,0.38,NQNX,12544
CYCU,20250717 09:52:33.280000,9767275,200,1520396,0.38,NQNX,12544
CYCU,20250717 09:52:33.280000,9767274,200,1520196,0.38,NQNX,12544
CYCU,20250717 09:52:33.281000,9767279,600,1520996,0.38,NQNX,12544
CYCU,20250717 09:52:33.281000,9767280,200,1521196,0.38,NQNX,12544
CYCU,20250717 09:52:34.595000,9771471,1000,1522196,0.38,NQNX,12544
CYCU,20250717 09:52:36.624000,9777965,6,1522202,0.38,NQNX,12659
CYCU,20250717 09:52:37.434000,9780377,16,1522218,0.38,NQNX,12659
CYCU,20250717 09:52:41.926000,9791265,84,1522302,0.38,NQNX,12659
CYCU,20250717 09:52:41.927000,9791267,100,1522518,0.38,NQNX,12544
CYCU,20250717 09:52:41.927000,9791266,116,1522418,0.38,NQNX,12544
CYCU,20250717 09:52:41.928000,9791270,5,1522623,0.38,NQNX,12659
CYCU,20250717 09:52:41.928000,9791268,100,1522618,0.38,NQNX,12544
CYCU,20250717 09:52:41.930000,9791272,395,1523018,0.38,MEMX,12639
CYCU,20250717 09:52:41.931000,9791273,575,1523593,0.38,NQNX,12544
CYCU,20250717 09:52:41.946000,9791285,3500,1527993,0.37,NQNX,12544
CYCU,20250717 09:52:41.946000,9791284,900,1524493,0.37,NQNX,12544
CYCU,20250717 09:52:41.947000,9791286,600,1528593,0.37,NQNX,12544
CYCU,20250717 09:52:41.947000,9791287,900,1529493,0.37,NQNX,12544
CYCU,20250717 09:52:41.947000,9791288,500,1529993,0.37,NQNX,12544
CYCU,20250717 09:52:41.948000,9791291,700,1530693,0.37,NQNX,12544
CYCU,20250717 09:52:41.949000,9791293,10,1530703,0.37,NQEX,12659
CYCU,20250717 09:52:42.252000,9791989,20,1530723,0.37,NQNX,12659
CYCU,20250717 09:52:42.456000,9792285,1000,1533523,0.37,PACF,12639
CYCU,20250717 09:52:42.456000,9792286,520,1534043,0.37,PACF,12639
CYCU,20250717 09:52:42.456000,9792284,1800,1532523,0.37,PACF,12639
CYCU,20250717 09:52:42.535000,9792550,1050,1535093,0.37,NQNX,12544
CYCU,20250717 09:52:44.952000,9798559,600,1535693,0.37,NQNX,12544
CYCU,20250717 09:52:47.600000,9805235,99,1535792,0.37,NQNX,12659
CYCU,20250717 09:52:49.563000,9810159,150,1536092,0.37,NQNX,12544
CYCU,20250717 09:52:49.563000,9810158,150,1535942,0.37,NQNX,12544
CYCU,20250717 09:52:49.652000,9810365,20,1536112,0.37,NTRF,12659
CYCU,20250717 09:52:52.087000,9816397,500,1536612,0.37,NQNX,12544
CYCU,20250717 09:52:54.087000,9822184,1879,1538491,0.37,NQNX,12544
CYCU,20250717 09:53:02.714000,9852580,400,1538891,0.37,NTRF,12544
CYCU,20250717 09:53:02.729000,9852612,45,1538936,0.37,NTRF,12659
CYCU,20250717 09:53:03.232000,9853909,1000,1539936,0.37,NQNX,12544
CYCU,20250717 09:53:03.233000,9853910,5620,1545556,0.37,PACF,12639
CYCU,20250717 09:53:03.234000,9853913,1621,1547177,0.38,MEMX,12639
CYCU,20250717 09:53:12.596000,9886463,10000,1557177,0.37,NQNX,12544
CYCU,20250717 09:53:19.373000,9903498,5000,1562177,0.38,NQNX,12544
CYCU,20250717 09:53:23.146000,9914431,500,1562677,0.38,NQNX,12544
CYCU,20250717 09:53:25.243000,9919860,75,1562752,0.38,NQNX,12659
CYCU,20250717 09:53:25.351000,9920125,100,1562852,0.38,MEMX,12639
CYCU,20250717 09:53:25.351000,9920127,7,1562859,0.38,PACF,12659
CYCU,20250717 09:53:25.820000,9922115,500,1563359,0.37,NQNX,12544
CYCU,20250717 09:53:27.890000,9927521,150,1563509,0.37,NQNX,12544
CYCU,20250717 09:53:33.108000,9941153,10000,1573509,0.38,NQNX,12544
CYCU,20250717 09:53:40.002000,9963452,60,1573569,0.38,NTRF,12659
CYCU,20250717 09:53:40.003000,9963454,40,1573609,0.38,NTRF,12659
CYCU,20250717 09:53:45.649000,9978527,800,1574409,0.37,NQNX,12544
CYCU,20250717 09:53:47.568000,9984778,20,1574429,0.38,NQNX,12659
CYCU,20250717 09:53:48.055000,9986808,200,1574629,0.38,MEMX,12544
CYCU,20250717 09:53:50.070000,9992252,3,1574632,0.38,NQNX,12659
CYCU,20250717 09:53:51.189000,9996131,155,1574787,0.38,NTRF,12544
CYCU,20250717 09:53:51.289000,9996357,2000,1576787,0.38,NQNX,12544
CYCU,20250717 09:53:53.086000,10008423,200,1576987,0.38,NQNX,12544
CYCU,20250717 09:54:01.851000,10035620,291,1577278,0.38,NQNX,12544
