SymbolId,TradeTime,Index,Size,TotalVolume,Price,ReportingExchange,TradeCondition
MULN,20250717 04:00:06.884000,4727,22,32,0.11,EDGX,12545
MULN,20250717 04:00:23.365000,9041,3000,3032,0.11,EDGX,12545
MULN,20250717 04:00:23.365000,9042,50,3082,0.11,EDGX,12545
MULN,20250717 04:00:23.365000,9043,5896,8978,0.11,EDGX,12545
MULN,20250717 04:00:35.624000,11718,2,8980,0.11,EDGX,12545
MULN,20250717 04:00:45.269000,14466,1,8981,0.11,EDGX,12545
MULN,20250717 04:00:47.650000,15079,53,9034,0.11,EDGX,12545
MULN,20250717 04:00:50.710000,15840,396,10034,0.11,MEMX,12545
MULN,20250717 04:00:50.710000,15839,604,9638,0.11,EDGX,12545
MULN,20250717 04:00:57.220000,17735,14,10048,0.11,EDGX,12545
MULN,20250717 04:01:00.379000,18549,5,10053,0.11,EDGX,12545
MULN,20250717 04:01:01.428000,18934,2,10055,0.11,EDGX,12545
MULN,20250717 04:01:05.300000,20296,3,10058,0.11,EDGX,12545
MULN,20250717 04:01:07.014000,20685,1,10059,0.11,EDGX,12545
MULN,20250717 04:01:07.632000,20851,56,10115,0.11,EDGX,12545
MULN,20250717 04:01:08.604000,21162,100,10215,0.11,EDGX,12545
MULN,20250717 04:01:08.622000,21163,1550,11765,0.11,EDGX,12545
MULN,20250717 04:01:14.315000,22520,1,11766,0.11,NQEX,12545
MULN,20250717 04:01:18.801000,23734,2094,13860,0.11,PACF,12545
MULN,20250717 04:01:19.641000,23978,1,13861,0.11,NQEX,12545
MULN,20250717 04:01:21.417000,24451,3000,16861,0.11,EDGX,12545
MULN,20250717 04:01:21.417000,24453,5000,24210,0.11,EDGX,12545
MULN,20250717 04:01:21.417000,24452,2349,19210,0.11,EDGX,12545
MULN,20250717 04:01:21.420000,24460,78,27288,0.11,EDGX,12545
MULN,20250717 04:01:21.420000,24461,100,27388,0.11,EDGX,12545
MULN,20250717 04:01:21.420000,24459,3000,27210,0.11,EDGX,12545
MULN,20250717 04:01:21.423000,24463,3000,30388,0.11,EDGX,12545
MULN,20250717 04:01:21.423000,24464,310,30698,0.11,EDGX,12545
MULN,20250717 04:01:21.426000,24467,100,30908,0.11,MEMX,12545
MULN,20250717 04:01:21.426000,24465,110,30808,0.11,BATS,12545
MULN,20250717 04:01:21.427000,24472,1250,34225,0.11,NQEX,12545
MULN,20250717 04:01:21.427000,24473,83,34308,0.11,PACF,12545
MULN,20250717 04:01:21.427000,24474,1356,35664,0.11,PACF,12545
MULN,20250717 04:01:21.427000,24469,50,30965,0.11,NQEX,12545
MULN,20250717 04:01:21.427000,24470,10,30975,0.11,NQEX,12545
MULN,20250717 04:01:21.427000,24468,7,30915,0.11,NQEX,12545
MULN,20250717 04:01:21.427000,24471,2000,32975,0.11,NQEX,12545
MULN,20250717 04:01:21.430000,24475,66,35730,0.11,EDGX,12545
MULN,20250717 04:01:21.430000,24476,1250,36980,0.11,EDGX,12545
MULN,20250717 04:01:21.431000,24477,1356,38336,0.11,PACF,12545
MULN,20250717 04:01:21.433000,24479,1250,40942,0.11,NQEX,12545
MULN,20250717 04:01:21.433000,24478,1356,39692,0.11,EDGX,12545
MULN,20250717 04:01:21.435000,24484,1356,42298,0.11,EDGX,12545
MULN,20250717 04:01:21.436000,24485,1250,43548,0.11,NQEX,12545
MULN,20250717 04:01:21.438000,24487,1356,44904,0.11,NQEX,12545
MULN,20250717 04:01:21.438000,24488,1250,46154,0.11,NQEX,12545
MULN,20250717 04:01:21.441000,24492,1250,47404,0.11,NQEX,12545
MULN,20250717 04:01:21.441000,24493,1356,48760,0.11,EDGX,12545
MULN,20250717 04:01:21.444000,24494,1250,50010,0.11,EDGX,12545
MULN,20250717 04:01:21.444000,24495,1356,51366,0.11,NQEX,12545
MULN,20250717 04:01:21.447000,24497,1250,53972,0.11,EDGX,12545
MULN,20250717 04:01:21.447000,24496,1356,52722,0.11,MEMX,12545
MULN,20250717 04:01:21.449000,24499,1250,56472,0.11,EDGX,12545
MULN,20250717 04:01:21.449000,24498,1250,55222,0.11,NQEX,12545
MULN,20250717 04:01:21.452000,24501,1250,57828,0.11,PACF,12545
MULN,20250717 04:01:21.452000,24500,106,56578,0.11,EDGX,12545
MULN,20250717 04:01:21.455000,24502,1356,59184,0.11,EDGX,12545
MULN,20250717 04:01:21.462000,24504,1356,60540,0.11,EDGX,12545
MULN,20250717 04:01:22.113000,24647,500,61040,0.1,NQEX,12545
MULN,20250717 04:01:22.676000,24834,1,61041,0.1,NQEX,12545
MULN,20250717 04:01:25.775000,25738,300,61363,0.1,NQEX,12545
MULN,20250717 04:01:25.775000,25737,22,61063,0.1,PACF,12545
MULN,20250717 04:01:27.414000,26231,15,61378,0.1,PACF,12545
MULN,20250717 04:01:29.244000,26846,37,61415,0.1,PACF,12545
MULN,20250717 04:01:36.976000,29319,1,61416,0.1,NQEX,12545
MULN,20250717 04:01:37.046000,29333,1,61417,0.1,NQEX,12545
MULN,20250717 04:01:37.364000,29437,600,62017,0.1,NQEX,12545
MULN,20250717 04:01:37.365000,29439,1955,66417,0.11,NQEX,12545
MULN,20250717 04:01:37.365000,29438,2445,64462,0.1,NQEX,12545
MULN,20250717 04:01:38.375000,29674,41,66458,0.1,NQEX,12545
MULN,20250717 04:01:39.817000,30058,115,67824,0.11,NQEX,12545
MULN,20250717 04:01:39.817000,30059,1251,69075,0.11,NQEX,12545
MULN,20250717 04:01:39.817000,30057,1251,67709,0.1,NQEX,12545
MULN,20250717 04:01:41.837000,30534,1000,71588,0.1,PACF,12545
MULN,20250717 04:01:41.837000,30533,1513,70588,0.1,PACF,12545
MULN,20250717 04:01:43.943000,31173,200,71788,0.1,PACF,12545
MULN,20250717 04:01:48.055000,32255,2,71790,0.11,PACF,12545
MULN,20250717 04:01:48.323000,32314,5,71795,0.11,PACF,12545
MULN,20250717 04:01:58.190000,35105,8,71803,0.11,PACF,12545
MULN,20250717 04:02:02.106000,36372,5,71808,0.11,PACF,12545
MULN,20250717 04:02:22.200000,41931,1869,73677,0.11,PACF,12545
MULN,20250717 04:02:24.551000,42612,1061,77555,0.11,PACF,12545
MULN,20250717 04:02:24.551000,42607,283,74394,0.11,PACF,12545
MULN,20250717 04:02:24.551000,42613,200,77755,0.11,PACF,12545
MULN,20250717 04:02:24.551000,42604,293,73970,0.11,PACF,12545
MULN,20250717 04:02:24.551000,42605,41,74011,0.11,PACF,12545
MULN,20250717 04:02:24.551000,42610,500,75494,0.11,PACF,12545
MULN,20250717 04:02:24.551000,42609,100,74994,0.11,PACF,12545
MULN,20250717 04:02:24.551000,42611,1000,76494,0.11,MEMX,12545
MULN,20250717 04:02:24.551000,42608,500,74894,0.11,PACF,12545
MULN,20250717 04:02:24.551000,42606,100,74111,0.11,PACF,12545
MULN,20250717 04:02:25.040000,42696,81,77836,0.11,EDGX,12545
MULN,20250717 04:02:25.040000,42697,5,77841,0.11,EDGX,12545
MULN,20250717 04:02:26.568000,43162,2,77843,0.11,PACF,12545
MULN,20250717 04:02:29.185000,43715,230,78073,0.11,PACF,12545
MULN,20250717 04:02:35.587000,45742,29,78102,0.11,PACF,12545
MULN,20250717 04:02:42.779000,47677,411,78713,0.11,PACF,12545
MULN,20250717 04:02:42.779000,47676,200,78302,0.11,PACF,12545
MULN,20250717 04:03:16.424000,56127,50,78763,0.11,PACF,12545
MULN,20250717 04:03:29.403000,59884,100,78863,0.11,PACF,12545
MULN,20250717 04:03:29.418000,59892,829,79692,0.11,PACF,12545
MULN,20250717 04:03:30.257000,60081,1,79693,0.11,PACF,12545
MULN,20250717 04:03:32.355000,60688,1119,80911,0.11,PACF,12545
MULN,20250717 04:03:32.355000,60687,99,79792,0.11,PACF,12545
MULN,20250717 04:03:35.716000,61773,80,81902,0.11,PACF,12545
MULN,20250717 04:03:35.716000,61771,731,81742,0.11,PACF,12545
MULN,20250717 04:03:35.716000,61772,80,81822,0.11,PACF,12545
MULN,20250717 04:03:35.716000,61770,100,81011,0.11,PACF,12545
MULN,20250717 04:03:35.716000,61774,403,82305,0.11,PACF,12545
MULN,20250717 04:03:35.716000,61775,700,83005,0.11,NQEX,12545
MULN,20250717 04:03:43.648000,63864,26,83031,0.11,PACF,12545
MULN,20250717 04:03:55.559000,67269,232,83263,0.11,PACF,12545
MULN,20250717 04:04:22.481000,73840,45,83308,0.11,PACF,12545
MULN,20250717 04:04:27.755000,75179,1,83309,0.11,PACF,12545
MULN,20250717 04:04:30.314000,75789,30,83339,0.11,PACF,12545
MULN,20250717 04:04:38.068000,77787,687,84026,0.11,EDGX,12545
MULN,20250717 04:04:38.237000,77855,600,84626,0.11,PACF,12545
MULN,20250717 04:04:45.940000,79964,5099,91538,0.11,EDGX,12545
MULN,20250717 04:04:45.940000,79963,1813,86439,0.11,EDGX,12545
MULN,20250717 04:04:45.941000,79971,2200,103165,0.11,PACF,12545
MULN,20250717 04:04:45.941000,79973,1,103176,0.11,PACF,12545
MULN,20250717 04:04:45.941000,79974,100,103276,0.11,PACF,12545
MULN,20250717 04:04:45.941000,79975,210,103486,0.11,EDGX,12545
MULN,20250717 04:04:45.941000,79976,130,103616,0.11,NQEX,12545
MULN,20250717 04:04:45.941000,79977,700,104316,0.11,NQEX,12545
MULN,20250717 04:04:45.941000,79978,1326,105642,0.11,NQEX,12545
MULN,20250717 04:04:45.941000,79970,150,100965,0.11,PACF,12545
MULN,20250717 04:04:45.941000,79969,9,100815,0.11,PACF,12545
MULN,20250717 04:04:45.941000,79972,10,103175,0.11,PACF,12545
MULN,20250717 04:04:45.941000,79968,100,100806,0.11,PACF,12545
MULN,20250717 04:04:45.941000,79967,200,100706,0.11,PACF,12545
MULN,20250717 04:04:45.941000,79966,7568,100506,0.11,PACF,12545
MULN,20250717 04:04:45.941000,79965,1400,92938,0.11,PACF,12545
MULN,20250717 04:04:50.025000,80662,600,106242,0.11,EDGX,12545
MULN,20250717 04:05:05.951000,83848,3300,111135,0.11,PACF,12545
MULN,20250717 04:05:05.951000,83847,477,107835,0.11,BATS,12545
MULN,20250717 04:05:05.951000,83846,1116,107358,0.11,PACF,12545
MULN,20250717 04:05:05.952000,83849,1800,112935,0.11,BATS,12545
MULN,20250717 04:05:19.724000,86371,1500,114435,0.11,PACF,12545
MULN,20250717 04:05:19.724000,86372,5,114440,0.11,PACF,12545
MULN,20250717 04:05:19.724000,86373,71,114511,0.11,PACF,12545
MULN,20250717 04:05:19.724000,86374,58,114569,0.11,NQEX,12545
MULN,20250717 04:06:05.461000,94870,42,138936,0.11,PACF,12545
MULN,20250717 04:06:05.461000,94868,17881,137041,0.11,PACF,12545
MULN,20250717 04:06:05.461000,94869,1853,138894,0.11,PACF,12545
MULN,20250717 04:06:05.461000,94867,4591,119160,0.11,PACF,12545
MULN,20250717 04:06:33.611000,100664,1532,140468,0.11,PACF,12545
MULN,20250717 04:07:02.577000,105661,497,159917,0.11,BATS,12545
MULN,20250717 04:07:02.577000,105657,4116,147584,0.11,EDGX,12545
MULN,20250717 04:07:02.577000,105658,2394,149978,0.11,EDGX,12545
MULN,20250717 04:07:02.577000,105663,32,164515,0.11,PACF,12545
MULN,20250717 04:07:02.577000,105659,2942,152920,0.11,NQEX,12545
MULN,20250717 04:07:02.577000,105660,6500,159420,0.11,MEMX,12545
MULN,20250717 04:07:02.577000,105656,3000,143468,0.11,EDGX,12545
MULN,20250717 04:07:02.577000,105662,4566,164483,0.11,BATS,12545
MULN,20250717 04:07:02.578000,105665,866,173781,0.11,EDGX,12545
MULN,20250717 04:07:02.578000,105664,8400,172915,0.11,EDGX,12545
MULN,20250717 04:07:23.180000,109582,9,173791,0.11,MEMX,12545
MULN,20250717 04:07:23.180000,109583,4904,178695,0.11,PACF,12545
MULN,20250717 04:07:23.180000,109581,1,173782,0.11,NQEX,12545
MULN,20250717 04:07:57.847000,116042,40,178735,0.11,PACF,12545
MULN,20250717 04:08:01.242000,116642,10,178841,0.11,PACF,12545
MULN,20250717 04:08:01.242000,116644,394,180235,0.11,PACF,12545
MULN,20250717 04:08:01.242000,116643,1000,179841,0.11,PACF,12545
MULN,20250717 04:08:01.242000,116641,96,178831,0.11,PACF,12545
MULN,20250717 04:08:26.544000,121306,2,180237,0.11,PACF,12545
MULN,20250717 04:08:28.671000,121648,99,180336,0.11,PACF,12545
MULN,20250717 04:08:38.557000,123018,1,180337,0.11,PACF,12545
MULN,20250717 04:08:57.767000,125941,7,180344,0.11,PACF,12545
MULN,20250717 04:08:57.767000,125942,43,180387,0.11,PACF,12545
MULN,20250717 04:09:48.688000,134234,53,180440,0.11,PACF,12545
MULN,20250717 04:09:48.688000,134245,1000,208017,0.11,EDGX,12545
MULN,20250717 04:09:48.688000,134244,4,207017,0.11,EDGX,12545
MULN,20250717 04:09:48.688000,134243,9000,207013,0.11,PACF,12545
MULN,20250717 04:09:48.688000,134242,100,198013,0.11,MEMX,12545
MULN,20250717 04:09:48.688000,134241,2,197913,0.11,NQEX,12545
MULN,20250717 04:09:48.688000,134240,5000,197911,0.11,NQEX,12545
MULN,20250717 04:09:48.688000,134239,10687,192911,0.11,PACF,12545
MULN,20250717 04:09:48.688000,134238,87,182224,0.11,PACF,12545
MULN,20250717 04:09:48.688000,134246,9800,217817,0.11,PACF,12545
MULN,20250717 04:09:48.688000,134237,97,182137,0.11,PACF,12545
MULN,20250717 04:09:48.688000,134236,600,182040,0.11,PACF,12545
MULN,20250717 04:09:48.688000,134235,1000,181440,0.11,PACF,12545
MULN,20250717 04:09:48.688000,134247,2400,220217,0.11,PACF,12545
MULN,20250717 04:09:48.689000,134248,7200,227417,0.11,PACF,12545
MULN,20250717 04:09:48.689000,134249,1200,228617,0.11,PACF,12545
MULN,20250717 04:09:48.689000,134250,3135,231752,0.11,PACF,12545
MULN,20250717 04:09:55.449000,135421,1,231753,0.11,PACF,12545
MULN,20250717 04:09:56.365000,135619,128,231881,0.11,PACF,12545
MULN,20250717 04:09:56.365000,135620,1000,232881,0.11,MEMX,12545
MULN,20250717 04:09:56.366000,135621,953,233834,0.11,PACF,12545
MULN,20250717 04:10:08.199000,137550,45,233879,0.11,PACF,12545
MULN,20250717 04:10:09.265000,137669,1,233880,0.11,PACF,12545
MULN,20250717 04:10:33.996000,141352,610,234490,0.11,PACF,12545
MULN,20250717 04:11:36.305000,151931,100,239590,0.11,PACF,12545
MULN,20250717 04:11:36.305000,151930,5000,239490,0.11,NQEX,12545
MULN,20250717 04:11:36.310000,151933,10,239600,0.11,NQEX,12545
MULN,20250717 04:11:37.341000,152142,5,239605,0.11,NQEX,12545
MULN,20250717 04:11:40.263000,152751,73,239678,0.11,NQEX,12545
MULN,20250717 04:11:54.039000,155028,202,239880,0.11,NQEX,12545
MULN,20250717 04:12:09.402000,157684,3773,243653,0.11,NQEX,12545
MULN,20250717 04:12:16.935000,159065,35,243688,0.11,NQEX,12545
MULN,20250717 04:12:31.548000,161421,3,243691,0.1,PACF,12545
MULN,20250717 04:12:36.266000,162127,97,243788,0.1,PACF,12545
MULN,20250717 04:12:36.837000,162254,90,243878,0.1,NQEX,12545
MULN,20250717 04:12:56.736000,165671,50,243928,0.1,NQEX,12545
MULN,20250717 04:13:15.262000,168430,5000,248928,0.1,NQEX,12545
MULN,20250717 04:13:16.195000,168532,1253,250181,0.1,NQEX,12545
MULN,20250717 04:13:23.253000,169679,77,250258,0.1,PACF,12545
MULN,20250717 04:13:44.227000,172930,206,250464,0.1,PACF,12545
MULN,20250717 04:13:55.243000,174294,47,250511,0.1,PACF,12545
MULN,20250717 04:13:55.243000,174301,3404,264211,0.1,EDGX,12545
MULN,20250717 04:13:55.243000,174302,50,264261,0.1,EDGX,12545
MULN,20250717 04:13:55.243000,174299,100,256806,0.1,PACF,12545
MULN,20250717 04:13:55.243000,174298,5000,256706,0.1,PACF,12545
MULN,20250717 04:13:55.243000,174297,5,251706,0.1,PACF,12545
MULN,20250717 04:13:55.243000,174300,4001,260807,0.1,MEMX,12545
MULN,20250717 04:13:55.243000,174296,1000,251701,0.1,PACF,12545
MULN,20250717 04:13:55.243000,174295,190,250701,0.1,PACF,12545
MULN,20250717 04:13:55.244000,174303,5,264266,0.1,PACF,12545
MULN,20250717 04:13:55.244000,174304,700,264966,0.1,PACF,12545
MULN,20250717 04:14:15.199000,176796,1550,267116,0.1,PACF,12545
MULN,20250717 04:14:15.199000,176794,100,265066,0.1,PACF,12545
MULN,20250717 04:14:15.199000,176797,1000,268116,0.1,PACF,12545
MULN,20250717 04:14:15.199000,176798,20,268136,0.1,PACF,12545
MULN,20250717 04:14:15.199000,176799,1236,269372,0.1,PACF,12545
MULN,20250717 04:14:15.199000,176795,500,265566,0.1,PACF,12545
MULN,20250717 04:14:15.199000,176801,4000,274372,0.1,EDGX,12545
MULN,20250717 04:14:15.199000,176800,1000,270372,0.1,MEMX,12545
MULN,20250717 04:14:21.015000,177548,1236,275608,0.1,PACF,12545
MULN,20250717 04:14:21.582000,177594,255,275863,0.1,NQEX,12545
MULN,20250717 04:14:29.487000,178476,100,275963,0.1,NQEX,12545
MULN,20250717 04:14:29.807000,178497,1773,277736,0.1,NQEX,12545
MULN,20250717 04:14:43.988000,180274,2000,279736,0.1,NQEX,12545
MULN,20250717 04:14:54.734000,181591,281,280017,0.1,NQEX,12545
MULN,20250717 04:14:54.734000,181592,219,280236,0.1,NQEX,12545
MULN,20250717 04:14:59.398000,182392,1900,284493,0.1,BATS,12545
MULN,20250717 04:14:59.398000,182391,2357,282593,0.1,NQEX,12545
MULN,20250717 04:14:59.399000,182393,1380,285873,0.1,BATS,12545
MULN,20250717 04:15:32.191000,187930,1,285874,0.11,PACF,12545
MULN,20250717 04:16:14.396000,195852,1,285875,0.11,PACF,12545
MULN,20250717 04:17:12.029000,205269,299,286174,0.11,PACF,12545
MULN,20250717 04:17:12.033000,205270,500,286674,0.1,EDGX,12545
MULN,20250717 04:17:12.037000,205271,32,286706,0.1,PACF,12545
MULN,20250717 04:17:12.844000,205517,100,286806,0.1,NQEX,12545
MULN,20250717 04:17:30.087000,208713,3066,330473,0.1,BATS,12545
MULN,20250717 04:17:30.087000,208712,1500,327407,0.1,BATS,12545
MULN,20250717 04:17:30.087000,208711,39101,325907,0.1,NQEX,12545
MULN,20250717 04:18:14.052000,215371,687,331160,0.11,MEMX,12545
MULN,20250717 04:19:11.307000,223668,48,331208,0.1,NQEX,12545
MULN,20250717 04:19:23.199000,225347,1952,333160,0.1,NQEX,12545
MULN,20250717 04:19:23.204000,225350,444,338544,0.1,PACF,12545
MULN,20250717 04:19:23.204000,225348,4939,338099,0.1,NQEX,12545
MULN,20250717 04:19:23.204000,225349,1,338100,0.1,PACF,12545
MULN,20250717 04:19:23.208000,225351,10,338554,0.1,NQEX,12545
MULN,20250717 04:19:23.209000,225353,2544,341392,0.1,NQEX,12545
MULN,20250717 04:19:23.209000,225354,10,341402,0.1,NQEX,12545
MULN,20250717 04:19:23.209000,225352,294,338848,0.1,NQEX,12545
MULN,20250717 04:19:27.398000,226007,1,341403,0.1,NQEX,12545
MULN,20250717 04:19:27.741000,226087,80,341483,0.1,NQEX,12545
MULN,20250717 04:19:29.111000,226312,25,351208,0.1,NQEX,12545
MULN,20250717 04:19:29.111000,226311,9700,351183,0.1,NQEX,12545
MULN,20250717 04:19:33.959000,227096,10,351218,0.1,EDGX,12545
MULN,20250717 04:19:41.422000,228057,200,351418,0.1,EDGX,12545
MULN,20250717 04:19:46.230000,228662,600,352018,0.11,PACF,12545
MULN,20250717 04:20:07.627000,231687,1,352019,0.11,PACF,12545
MULN,20250717 04:20:29.329000,234754,1,352020,0.1,PACF,12545
MULN,20250717 04:20:29.329000,234756,500,355278,0.1,EDGX,12545
MULN,20250717 04:20:29.329000,234755,2758,354778,0.1,PACF,12545
MULN,20250717 04:21:17.164000,243808,647,355925,0.1,PACF,12545
MULN,20250717 04:22:20.081000,259615,130,356055,0.1,PACF,12545
MULN,20250717 04:22:34.128000,262790,1,356056,0.11,MEMX,12545
MULN,20250717 04:23:18.941000,272146,369,356425,0.1,MEMX,12545
MULN,20250717 04:23:27.809000,274091,98,357154,0.1,EDGX,12545
MULN,20250717 04:23:27.809000,274092,1765,358919,0.1,PACF,12545
MULN,20250717 04:23:27.809000,274093,10,358929,0.1,PACF,12545
MULN,20250717 04:23:27.809000,274089,631,357056,0.1,MEMX,12545
MULN,20250717 04:23:27.809000,274094,200,359129,0.1,PACF,12545
MULN,20250717 04:23:27.809000,274095,5,359134,0.1,PACF,12545
MULN,20250717 04:23:27.809000,274096,2007,361141,0.1,PACF,12545
MULN,20250717 04:23:51.901000,279049,2017,363158,0.11,PACF,12545
MULN,20250717 04:24:04.518000,281740,1,363159,0.11,MEMX,12545
MULN,20250717 04:24:17.138000,284040,481,363640,0.1,PACF,12545
MULN,20250717 04:25:21.895000,295388,30,363670,0.11,MEMX,12545
MULN,20250717 04:26:10.822000,303080,100,364670,0.1,EDGX,12545
MULN,20250717 04:26:10.822000,303079,900,364570,0.1,PACF,12545
MULN,20250717 04:26:15.286000,303958,1086,365756,0.1,PACF,12545
MULN,20250717 04:26:30.845000,306498,2500,368256,0.11,PACF,12545
MULN,20250717 04:26:45.289000,307998,1,368257,0.11,PACF,12545
MULN,20250717 04:27:12.954000,311632,34,368291,0.11,PACF,12545
MULN,20250717 04:27:27.833000,313469,5,368296,0.11,EDGX,12545
MULN,20250717 04:27:35.019000,314260,25,368321,0.11,PACF,12545
MULN,20250717 04:27:43.228000,315259,400,375205,0.1,NQEX,12545
MULN,20250717 04:27:43.228000,315258,3000,374805,0.1,NQEX,12545
MULN,20250717 04:27:43.228000,315257,4,371805,0.1,EDGX,12545
MULN,20250717 04:27:43.228000,315256,480,371801,0.11,EDGX,12545
MULN,20250717 04:27:43.228000,315255,3000,371321,0.11,EDGX,12545
MULN,20250717 04:27:43.229000,315265,410,381991,0.1,EDGX,12545
MULN,20250717 04:27:43.229000,315262,100,380580,0.1,EDGX,12545
MULN,20250717 04:27:43.229000,315261,2275,380480,0.1,PACF,12545
MULN,20250717 04:27:43.229000,315260,3000,378205,0.1,PACF,12545
MULN,20250717 04:27:43.229000,315269,8,390849,0.1,NQEX,12545
MULN,20250717 04:27:43.229000,315264,1,381581,0.1,EDGX,12545
MULN,20250717 04:27:43.229000,315270,7000,397849,0.1,NQEX,12545
MULN,20250717 04:27:43.229000,315271,1493,399342,0.1,PACF,12545
MULN,20250717 04:27:43.229000,315268,1850,390841,0.1,NQEX,12545
MULN,20250717 04:27:43.229000,315273,1,399358,0.1,PACF,12545
MULN,20250717 04:27:43.229000,315274,10800,410158,0.1,PACF,12545
MULN,20250717 04:27:43.229000,315275,200,410358,0.1,PACF,12545
MULN,20250717 04:27:43.229000,315267,5000,388991,0.1,NQEX,12545
MULN,20250717 04:27:43.229000,315266,2000,383991,0.1,EDGX,12545
MULN,20250717 04:27:43.229000,315276,6,410364,0.1,PACF,12545
MULN,20250717 04:27:43.229000,315277,16,410380,0.1,PACF,12545
MULN,20250717 04:27:43.229000,315278,10,410390,0.1,PACF,12545
MULN,20250717 04:27:43.229000,315279,1000,411390,0.1,PACF,12545
MULN,20250717 04:27:43.229000,315272,15,399357,0.1,PACF,12545
MULN,20250717 04:27:43.229000,315263,1000,381580,0.1,EDGX,12545
MULN,20250717 04:27:44.143000,315414,14,411404,0.1,EDGX,12545
MULN,20250717 04:27:47.963000,315978,10,411414,0.1,EDGX,12545
MULN,20250717 04:27:53.667000,316798,11,411425,0.1,EDGX,12545
MULN,20250717 04:27:54.714000,316895,520,411945,0.1,EDGX,12545
MULN,20250717 04:28:00.439000,317826,785,412730,0.1,EDGX,12545
MULN,20250717 04:28:13.345000,319554,148,412878,0.1,EDGX,12545
MULN,20250717 04:28:24.682000,321208,1,412879,0.1,PACF,12545
MULN,20250717 04:28:24.682000,321210,407,413295,0.1,PACF,12545
MULN,20250717 04:28:24.682000,321209,9,412888,0.1,PACF,12545
MULN,20250717 04:28:31.348000,322017,500,413795,0.1,EDGX,12545
MULN,20250717 04:28:48.890000,323689,9,413815,0.1,NQEX,12545
MULN,20250717 04:28:48.890000,323687,1,413796,0.1,EDGX,12545
MULN,20250717 04:28:48.890000,323688,10,413806,0.1,EDGX,12545
MULN,20250717 04:28:48.891000,323695,1,419994,0.1,EDGX,12545
MULN,20250717 04:28:48.891000,323696,1044,421038,0.1,NQEX,12545
MULN,20250717 04:28:48.891000,323694,10,419993,0.1,EDGX,12545
MULN,20250717 04:28:48.891000,323690,1000,414815,0.1,NQEX,12545
MULN,20250717 04:28:48.891000,323692,4566,419390,0.1,BATS,12545
MULN,20250717 04:28:48.891000,323691,9,414824,0.1,BATS,12545
MULN,20250717 04:28:48.891000,323693,593,419983,0.1,PACF,12545
MULN,20250717 04:28:48.892000,323700,500,423547,0.1,NQEX,12545
MULN,20250717 04:28:48.892000,323699,1000,423047,0.1,NQEX,12545
MULN,20250717 04:28:48.892000,323698,9,422047,0.1,PACF,12545
MULN,20250717 04:28:48.892000,323697,1000,422038,0.1,PACF,12545
MULN,20250717 04:28:48.892000,323701,1044,424591,0.1,EDGX,12545
MULN,20250717 04:28:48.892000,323703,1000,425621,0.1,EDGX,12545
MULN,20250717 04:28:48.892000,323704,4567,430188,0.1,EDGX,12545
MULN,20250717 04:28:48.892000,323702,30,424621,0.1,EDGX,12545
MULN,20250717 04:28:48.893000,323705,3679,433867,0.1,PACF,12545
MULN,20250717 04:29:09.333000,326614,100,433967,0.1,EDGX,12545
MULN,20250717 04:29:11.181000,327014,1000,434967,0.1,NQEX,12545
MULN,20250717 04:29:11.194000,327016,5,434972,0.1,PACF,12545
MULN,20250717 04:29:11.195000,327017,895,435867,0.1,PACF,12545
MULN,20250717 04:29:34.651000,332072,12,435879,0.1,PACF,12545
MULN,20250717 04:29:34.651000,332073,300,436179,0.1,PACF,12545
MULN,20250717 04:29:34.652000,332074,188,436367,0.1,EDGX,12545
MULN,20250717 04:29:45.008000,333541,100,436467,0.1,MEMX,12545
MULN,20250717 04:29:45.009000,333542,1738,438205,0.1,PACF,12545
MULN,20250717 04:29:51.447000,334338,250,438455,0.1,PACF,12545
MULN,20250717 04:29:58.172000,335172,5,438460,0.1,PACF,12545
MULN,20250717 04:30:01.935000,335718,332,438960,0.1,PACF,12545
MULN,20250717 04:30:01.935000,335717,168,438628,0.1,PACF,12545
MULN,20250717 04:30:08.836000,336720,6,438966,0.1,PACF,12545
MULN,20250717 04:30:21.940000,338941,100,439066,0.1,PACF,12545
MULN,20250717 04:30:36.087000,340880,100,439166,0.1,PACF,12545
MULN,20250717 04:30:41.973000,341540,50,439216,0.1,PACF,12545
MULN,20250717 04:30:41.973000,341541,2256,441472,0.1,PACF,12545
MULN,20250717 04:30:41.973000,341544,1044,444560,0.1,EDGX,12545
MULN,20250717 04:30:41.973000,341543,1044,443516,0.1,EDGX,12545
MULN,20250717 04:30:41.973000,341542,1000,442472,0.1,NQEX,12545
MULN,20250717 04:30:41.974000,341545,307,444867,0.1,PACF,12545
MULN,20250717 04:30:56.427000,343671,1000,445867,0.11,PACF,12545
MULN,20250717 04:31:43.291000,350614,5676,451543,0.11,PACF,12545
MULN,20250717 04:32:10.120000,354239,1,451544,0.11,PACF,12545
MULN,20250717 04:32:10.211000,354245,5,451549,0.11,PACF,12545
MULN,20250717 04:32:18.293000,355425,1,451550,0.11,PACF,12545
MULN,20250717 04:32:19.839000,355642,1,451551,0.11,PACF,12545
MULN,20250717 04:32:21.704000,355846,1,451552,0.11,PACF,12545
MULN,20250717 04:32:22.066000,355947,6,451558,0.1,NQEX,12545
MULN,20250717 04:32:23.162000,356192,1,451559,0.11,PACF,12545
MULN,20250717 04:32:24.279000,356340,1,451560,0.11,PACF,12545
MULN,20250717 04:32:24.662000,356398,4,451564,0.11,PACF,12545
MULN,20250717 04:32:29.577000,357189,193,451757,0.1,NQEX,12545
MULN,20250717 04:32:33.702000,357792,2807,454564,0.1,NQEX,12545
MULN,20250717 04:32:54.664000,362186,2193,456757,0.11,PACF,12545
MULN,20250717 04:33:04.382000,364059,46,456857,0.11,PACF,12545
MULN,20250717 04:33:04.382000,364058,54,456811,0.11,PACF,12545
MULN,20250717 04:33:20.207000,366932,1100,457957,0.11,EDGX,12545
MULN,20250717 04:33:20.209000,366933,55,458012,0.11,PACF,12545
MULN,20250717 04:33:36.709000,369545,91,458612,0.1,PACF,12545
MULN,20250717 04:33:36.709000,369544,9,458521,0.1,PACF,12545
MULN,20250717 04:33:36.709000,369543,500,458512,0.11,PACF,12545
MULN,20250717 04:33:46.429000,371055,400,459012,0.11,PACF,12545
MULN,20250717 04:33:49.076000,371308,20,459032,0.1,PACF,12545
MULN,20250717 04:34:00.122000,372595,30,459062,0.11,PACF,12545
MULN,20250717 04:34:12.748000,373999,4,459066,0.11,PACF,12545
MULN,20250717 04:34:46.809000,380107,100,459166,0.11,PACF,12545
MULN,20250717 04:35:00.092000,382724,8,459174,0.11,PACF,12545
MULN,20250717 04:35:45.257000,390230,1,459175,0.11,PACF,12545
MULN,20250717 04:35:57.380000,393043,250,459425,0.1,PACF,12545
MULN,20250717 04:36:58.977000,403788,107,459532,0.1,PACF,12545
MULN,20250717 04:36:58.977000,403790,38,459608,0.1,PACF,12545
MULN,20250717 04:36:58.977000,403789,38,459570,0.1,PACF,12545
MULN,20250717 04:36:58.977000,403792,100,460057,0.1,EDGX,12545
MULN,20250717 04:36:58.977000,403793,65,460122,0.1,EDGX,12545
MULN,20250717 04:36:58.977000,403791,349,459957,0.1,PACF,12545
MULN,20250717 04:37:49.178000,412851,327,460449,0.11,NQEX,12545
MULN,20250717 04:37:49.179000,412852,81,460530,0.11,EDGX,12545
MULN,20250717 04:37:57.102000,413954,660,461190,0.11,PACF,12545
MULN,20250717 04:38:00.514000,414478,500,461690,0.11,PACF,12545
MULN,20250717 04:38:09.629000,416134,2084,463774,0.11,PACF,12545
MULN,20250717 04:38:09.629000,416135,979,464753,0.11,PACF,12545
MULN,20250717 04:38:28.372000,418872,376,466317,0.11,MEMX,12545
MULN,20250717 04:38:28.372000,418871,1188,465941,0.11,PACF,12545
MULN,20250717 04:38:40.864000,420442,1,466318,0.1,PACF,12545
MULN,20250717 04:39:04.508000,423203,5,466323,0.11,PACF,12545
MULN,20250717 04:39:08.198000,423722,347,466670,0.11,PACF,12545
MULN,20250717 04:39:21.575000,425144,15,466685,0.11,MEMX,12545
MULN,20250717 04:40:14.164000,431197,500,467185,0.11,PACF,12545
MULN,20250717 04:40:39.053000,433819,55,467240,0.11,MEMX,12545
MULN,20250717 04:41:05.239000,438000,50,467290,0.11,PACF,12545
MULN,20250717 04:41:20.263000,440430,50,467340,0.11,PACF,12545
MULN,20250717 04:41:41.252000,443582,50,467390,0.11,PACF,12545
MULN,20250717 04:41:51.348000,445075,50,467440,0.11,PACF,12545
MULN,20250717 04:42:11.058000,448481,500,467940,0.11,PACF,12545
MULN,20250717 04:42:11.058000,448482,800,468740,0.11,NQEX,12545
MULN,20250717 04:42:11.497000,448537,1,468741,0.11,PACF,12545
MULN,20250717 04:42:20.090000,449849,45,468786,0.11,NQEX,12545
MULN,20250717 04:42:32.234000,451403,50,468836,0.11,EDGX,12545
MULN,20250717 04:42:41.265000,452293,50,468886,0.11,EDGX,12545
MULN,20250717 04:43:06.591000,455129,3,468889,0.11,EDGX,12545
MULN,20250717 04:43:31.693000,457876,240,469129,0.11,PACF,12545
MULN,20250717 04:43:33.068000,457975,6400,475529,0.11,PACF,12545
MULN,20250717 04:43:33.069000,457976,17,475546,0.11,PACF,12545
MULN,20250717 04:43:33.075000,457985,600,476146,0.11,EDGX,12545
MULN,20250717 04:43:33.077000,457987,98,476246,0.11,EDGX,12545
MULN,20250717 04:43:33.077000,457986,2,476148,0.11,EDGX,12545
MULN,20250717 04:43:33.078000,457988,1,476247,0.11,PACF,12545
MULN,20250717 04:43:33.078000,457989,99,476346,0.11,PACF,12545
MULN,20250717 04:43:33.085000,457990,100,476446,0.11,EDGX,12545
MULN,20250717 04:43:33.085000,457991,100,476546,0.11,PACF,12545
MULN,20250717 04:43:33.088000,457992,100,476646,0.11,EDGX,12545
MULN,20250717 04:43:33.089000,457993,100,476746,0.11,PACF,12545
MULN,20250717 04:43:33.095000,457994,100,476846,0.11,EDGX,12545
MULN,20250717 04:43:33.096000,457995,100,476946,0.11,PACF,12545
MULN,20250717 04:43:33.101000,457996,100,477046,0.11,EDGX,12545
MULN,20250717 04:43:33.102000,457997,100,477146,0.11,PACF,12545
MULN,20250717 04:43:33.107000,457998,100,477246,0.11,EDGX,12545
MULN,20250717 04:43:33.108000,457999,100,477346,0.11,PACF,12545
MULN,20250717 04:43:33.113000,458001,100,477546,0.11,PACF,12545
MULN,20250717 04:43:33.113000,458000,100,477446,0.11,EDGX,12545
MULN,20250717 04:43:33.119000,458002,100,477646,0.11,EDGX,12545
MULN,20250717 04:43:33.119000,458003,100,477746,0.11,PACF,12545
MULN,20250717 04:43:33.122000,458004,100,477846,0.11,EDGX,12545
MULN,20250717 04:43:33.123000,458005,100,477946,0.11,PACF,12545
MULN,20250717 04:43:33.130000,458006,100,478046,0.11,EDGX,12545
MULN,20250717 04:43:33.130000,458007,100,478146,0.11,PACF,12545
MULN,20250717 04:43:33.135000,458008,100,478246,0.11,EDGX,12545
MULN,20250717 04:43:33.135000,458009,100,478346,0.11,PACF,12545
MULN,20250717 04:43:33.142000,458010,100,478446,0.11,EDGX,12545
MULN,20250717 04:43:33.143000,458011,100,478546,0.11,PACF,12545
MULN,20250717 04:43:33.146000,458012,100,478646,0.11,EDGX,12545
MULN,20250717 04:43:33.147000,458013,100,478746,0.11,PACF,12545
MULN,20250717 04:43:33.152000,458014,100,478846,0.11,EDGX,12545
MULN,20250717 04:43:33.152000,458015,100,478946,0.11,PACF,12545
MULN,20250717 04:43:33.156000,458016,100,479046,0.11,EDGX,12545
MULN,20250717 04:43:33.156000,458017,100,479146,0.11,PACF,12545
MULN,20250717 04:43:48.830000,459590,50,479196,0.11,PACF,12545
MULN,20250717 04:43:54.839000,460316,53,479249,0.11,PACF,12545
MULN,20250717 04:43:59.912000,460824,1,479250,0.11,PACF,12545
MULN,20250717 04:44:21.291000,463292,8,479258,0.11,PACF,12545
MULN,20250717 04:44:45.942000,465358,419,479677,0.11,PACF,12545
MULN,20250717 04:44:59.282000,466536,4174,483851,0.11,PACF,12545
MULN,20250717 04:45:04.045000,467120,124,483975,0.11,EDGX,12545
MULN,20250717 04:45:04.045000,467121,876,484851,0.11,PACF,12545
MULN,20250717 04:45:18.175000,468434,350,485201,0.11,PACF,12545
MULN,20250717 04:45:35.907000,470385,50,485251,0.11,PACF,12545
MULN,20250717 04:46:14.366000,475209,406,485657,0.11,PACF,12545
MULN,20250717 04:46:30.322000,477312,1367,487024,0.11,PACF,12545
MULN,20250717 04:46:30.322000,477314,896,488720,0.11,PACF,12545
MULN,20250717 04:46:30.322000,477313,800,487824,0.11,PACF,12545
MULN,20250717 04:46:34.659000,477995,16,488736,0.11,PACF,12545
MULN,20250717 04:47:49.259000,487466,4566,493302,0.11,BATS,12545
MULN,20250717 04:47:49.259000,487469,718,497681,0.11,PACF,12545
MULN,20250717 04:47:49.259000,487468,1231,496963,0.11,PACF,12545
MULN,20250717 04:47:49.259000,487467,2430,495732,0.11,PACF,12545
MULN,20250717 04:47:50.667000,487670,300,497981,0.11,NQEX,12545
MULN,20250717 04:48:07.073000,489535,2000,499981,0.11,PACF,12545
MULN,20250717 04:49:05.297000,500674,50,500031,0.11,EDGX,12545
MULN,20250717 04:49:16.831000,502665,215,500246,0.11,PACF,12545
MULN,20250717 04:49:20.641000,503430,1,500247,0.11,EDGX,12545
MULN,20250717 04:49:26.434000,504338,50,500297,0.11,PACF,12545
MULN,20250717 04:49:48.874000,507262,100,500397,0.11,PACF,12545
MULN,20250717 04:49:48.874000,507263,157,500554,0.11,PACF,12545
MULN,20250717 04:49:48.874000,507264,10,500564,0.1,PACF,12545
MULN,20250717 04:49:48.874000,507265,49,500613,0.1,PACF,12545
MULN,20250717 04:49:48.875000,507267,999,502307,0.11,EDGX,12545
MULN,20250717 04:49:48.875000,507266,695,501308,0.1,PACF,12545
MULN,20250717 04:50:22.873000,512124,225,502532,0.11,PACF,12545
MULN,20250717 04:51:22.079000,518993,1,502533,0.11,EDGX,12545
MULN,20250717 04:51:54.192000,522794,1,502534,0.11,EDGX,12545
MULN,20250717 04:51:57.923000,523227,124,502658,0.11,PACF,12545
MULN,20250717 04:52:34.841000,527839,2500,505158,0.11,BATS,12545
MULN,20250717 04:52:34.841000,527840,1302,506460,0.11,PACF,12545
MULN,20250717 04:52:34.842000,527841,1698,508158,0.11,BATS,12545
MULN,20250717 04:52:42.681000,528844,91,508249,0.11,PACF,12545
MULN,20250717 04:53:08.319000,532386,50,508299,0.11,EDGX,12545
MULN,20250717 04:53:29.327000,534901,50,508349,0.11,EDGX,12545
MULN,20250717 04:54:10.270000,540037,1,508350,0.11,PACF,12545
MULN,20250717 04:54:10.270000,540038,215,508565,0.11,NQEX,12545
MULN,20250717 04:54:22.671000,541597,1000,509565,0.11,PACF,12545
MULN,20250717 04:54:25.665000,541830,1309,510874,0.1,PACF,12545
MULN,20250717 04:54:42.199000,543694,943,511817,0.1,PACF,12545
MULN,20250717 04:55:08.531000,546911,1900,513717,0.1,PACF,12545
MULN,20250717 04:57:40.988000,568755,17,513734,0.11,PACF,12545
MULN,20250717 04:58:31.842000,576100,8,513742,0.11,PACF,12545
MULN,20250717 04:58:34.605000,576540,83,513825,0.11,PACF,12545
MULN,20250717 04:59:21.569000,585530,400,514325,0.11,EDGX,12545
MULN,20250717 04:59:21.569000,585529,100,513925,0.11,PACF,12545
MULN,20250717 04:59:33.331000,587593,339,514709,0.11,PACF,12545
MULN,20250717 04:59:33.331000,587592,45,514370,0.11,PACF,12545
MULN,20250717 04:59:39.889000,588417,2962,517671,0.11,BATS,12545
MULN,20250717 04:59:39.889000,588418,138,517809,0.11,PACF,12545
MULN,20250717 04:59:39.890000,588419,1604,519413,0.11,BATS,12545
MULN,20250717 04:59:44.769000,588932,26,519439,0.11,EDGX,12545
MULN,20250717 05:02:16.816000,605643,1,519440,0.11,PACF,12545
MULN,20250717 05:02:32.526000,608020,5000,524440,0.11,PACF,12545
MULN,20250717 05:02:56.104000,610668,600,525040,0.11,PACF,12545
MULN,20250717 05:02:56.196000,610685,1,525041,0.11,PACF,12545
MULN,20250717 05:03:50.344000,616992,5,525046,0.11,PACF,12545
MULN,20250717 05:03:54.529000,617537,309,525355,0.11,PACF,12545
MULN,20250717 05:04:22.246000,620746,488,525843,0.11,PACF,12545
MULN,20250717 05:04:25.415000,621053,1000,526843,0.11,PACF,12545
MULN,20250717 05:04:25.415000,621054,350,527193,0.11,PACF,12545
MULN,20250717 05:05:05.936000,625824,526,527719,0.11,PACF,12545
MULN,20250717 05:05:16.155000,626960,347,528066,0.11,PACF,12545
MULN,20250717 05:06:23.873000,637653,1,528067,0.11,PACF,12545
MULN,20250717 05:06:43.497000,640154,69,528167,0.11,PACF,12545
MULN,20250717 05:06:43.497000,640153,30,528098,0.11,PACF,12545
MULN,20250717 05:06:43.497000,640152,1,528068,0.11,PACF,12545
MULN,20250717 05:06:45.583000,640471,99,528266,0.11,EDGX,12545
MULN,20250717 05:09:12.879000,656069,70,528336,0.11,PACF,12545
MULN,20250717 05:09:12.879000,656070,656,528992,0.11,PACF,12545
MULN,20250717 05:09:40.457000,659219,73,529065,0.11,PACF,12545
MULN,20250717 05:09:40.457000,659220,3287,532352,0.11,PACF,12545
MULN,20250717 05:09:40.458000,659221,1500,533852,0.11,PACF,12545
MULN,20250717 05:09:54.282000,660830,9,533861,0.11,EDGX,12545
MULN,20250717 05:10:06.943000,662050,450,534311,0.11,EDGX,12545
MULN,20250717 05:11:24.124000,669948,300,534611,0.11,EDGX,12545
MULN,20250717 05:11:37.990000,671319,10,534621,0.11,EDGX,12545
MULN,20250717 05:11:49.383000,672733,49,534670,0.11,PACF,12545
MULN,20250717 05:13:12.529000,681788,1799,536469,0.11,EDGX,12545
MULN,20250717 05:13:13.926000,681897,128,536597,0.11,EDGX,12545
MULN,20250717 05:14:01.226000,687300,478,537075,0.11,EDGX,12545
MULN,20250717 05:14:44.746000,691301,285,540360,0.11,EDGX,12545
MULN,20250717 05:14:44.746000,691302,1633,541993,0.11,EDGX,12545
MULN,20250717 05:14:44.746000,691300,3000,540075,0.11,PACF,12545
MULN,20250717 05:14:53.301000,691992,2,541995,0.11,EDGX,12545
MULN,20250717 05:15:18.160000,694340,3000,544995,0.11,PACF,12545
MULN,20250717 05:15:18.160000,694341,1635,546630,0.11,PACF,12545
MULN,20250717 05:15:18.160000,694342,365,546995,0.11,EDGX,12545
MULN,20250717 05:15:37.517000,696149,92,547087,0.11,EDGX,12545
MULN,20250717 05:15:58.278000,698837,213,547300,0.11,EDGX,12545
MULN,20250717 05:16:47.753000,704130,60,547360,0.11,EDGX,12545
MULN,20250717 05:16:47.755000,704131,140,547500,0.11,PACF,12545
MULN,20250717 05:17:10.395000,706136,1,547501,0.11,PACF,12545
MULN,20250717 05:17:13.001000,706397,59,547560,0.11,EDGX,12545
MULN,20250717 05:17:13.241000,706412,1,547561,0.11,EDGX,12545
MULN,20250717 05:17:22.908000,707478,1,547562,0.11,PACF,12545
MULN,20250717 05:17:23.937000,707640,499,548061,0.11,EDGX,12545
MULN,20250717 05:17:47.465000,710226,350,548411,0.11,PACF,12545
MULN,20250717 05:17:47.467000,710227,226,548637,0.11,BATS,12545
MULN,20250717 05:17:47.468000,710229,300,549054,0.11,BATS,12545
MULN,20250717 05:17:47.468000,710228,117,548754,0.11,PACF,12545
MULN,20250717 05:17:49.132000,710347,593,549647,0.11,EDGX,12545
MULN,20250717 05:17:51.038000,710522,1,551873,0.11,PACF,12545
MULN,20250717 05:17:51.038000,710521,2225,551872,0.11,PACF,12545
MULN,20250717 05:17:51.040000,710523,1,551874,0.11,PACF,12545
MULN,20250717 05:17:51.040000,710524,1,551875,0.11,PACF,12545
MULN,20250717 05:20:29.508000,724451,1700,553575,0.11,PACF,12545
MULN,20250717 05:20:42.499000,725782,23,553598,0.11,PACF,12545
MULN,20250717 05:20:48.051000,726408,300,553898,0.11,PACF,12545
MULN,20250717 05:21:27.191000,730064,200,554098,0.11,PACF,12545
MULN,20250717 05:21:50.691000,731734,7,554105,0.11,PACF,12545
MULN,20250717 05:22:19.026000,734288,10,554115,0.11,PACF,12545
MULN,20250717 05:22:21.764000,734472,102,554217,0.11,PACF,12545
MULN,20250717 05:22:57.184000,737710,100,554317,0.11,EDGX,12545
MULN,20250717 05:23:35.323000,741799,2500,557317,0.11,EDGX,12545
MULN,20250717 05:23:35.323000,741798,500,554817,0.11,EDGX,12545
MULN,20250717 05:24:01.155000,744066,1,557318,0.11,PACF,12545
MULN,20250717 05:24:15.162000,746266,300,557618,0.11,EDGX,12545
MULN,20250717 05:24:15.162000,746267,200,557818,0.11,NQEX,12545
MULN,20250717 05:24:15.162000,746268,100,557918,0.11,MEMX,12545
MULN,20250717 05:24:15.162000,746269,100,558018,0.11,BATS,12545
MULN,20250717 05:24:15.162000,746270,300,558318,0.11,PACF,12545
MULN,20250717 05:24:52.281000,750968,8672,566990,0.11,PACF,12545
MULN,20250717 05:24:53.284000,751101,1000,567990,0.11,PACF,12545
MULN,20250717 05:24:59.872000,751862,10,568000,0.11,PACF,12545
MULN,20250717 05:25:22.411000,754848,510,568510,0.11,PACF,12545
MULN,20250717 05:25:25.714000,755211,1,568511,0.11,PACF,12545
MULN,20250717 05:25:29.640000,755633,1000,569511,0.11,PACF,12545
MULN,20250717 05:25:34.186000,756085,1,569512,0.11,PACF,12545
MULN,20250717 05:25:35.635000,756337,1,569513,0.11,PACF,12545
MULN,20250717 05:25:37.657000,756524,1,569514,0.11,PACF,12545
MULN,20250717 05:25:38.276000,756558,2,569516,0.11,PACF,12545
MULN,20250717 05:25:40.430000,756756,1,569517,0.11,PACF,12545
MULN,20250717 05:25:42.388000,756925,1,569518,0.11,MEMX,12545
MULN,20250717 05:25:42.647000,756950,1,569519,0.11,PACF,12545
MULN,20250717 05:25:44.082000,757090,1,569520,0.11,PACF,12545
MULN,20250717 05:25:46.227000,757367,1,569521,0.11,PACF,12545
MULN,20250717 05:25:54.206000,758081,15425,584946,0.11,PACF,12545
MULN,20250717 05:25:54.206000,758082,1,584947,0.11,PACF,12545
MULN,20250717 05:25:54.206000,758083,2768,587715,0.11,PACF,12545
MULN,20250717 05:25:54.207000,758086,327,588042,0.11,PACF,12545
MULN,20250717 05:25:58.649000,758662,1292,589334,0.11,PACF,12545
MULN,20250717 05:26:01.104000,759128,1,589335,0.11,PACF,12545
MULN,20250717 05:26:03.747000,759491,1,589336,0.11,PACF,12545
MULN,20250717 05:26:05.747000,759703,1,589337,0.11,PACF,12545
MULN,20250717 05:26:08.292000,760035,931,590268,0.11,PACF,12545
MULN,20250717 05:26:08.762000,760090,1,590269,0.11,PACF,12545
MULN,20250717 05:26:10.947000,760387,1,590270,0.11,PACF,12545
MULN,20250717 05:26:14.664000,760765,1,590271,0.11,PACF,12545
MULN,20250717 05:26:16.224000,760946,1,590272,0.11,PACF,12545
MULN,20250717 05:26:17.929000,761108,1,590273,0.11,PACF,12545
MULN,20250717 05:26:19.058000,761183,1,590274,0.11,PACF,12545
MULN,20250717 05:26:20.465000,761321,1,590275,0.11,PACF,12545
MULN,20250717 05:26:58.970000,765040,1000,591275,0.11,PACF,12545
MULN,20250717 05:27:04.349000,765790,2531,593806,0.11,PACF,12545
MULN,20250717 05:27:58.623000,772711,1000,599372,0.11,PACF,12545
MULN,20250717 05:27:58.623000,772710,4566,598372,0.11,BATS,12545
MULN,20250717 05:32:55.790000,805028,200,599572,0.11,EDGX,12545
MULN,20250717 05:33:02.397000,805629,1,599573,0.11,MEMX,12545
MULN,20250717 05:33:09.657000,806290,1199,600772,0.11,MEMX,12545
MULN,20250717 05:33:09.657000,806291,4566,605338,0.11,BATS,12545
MULN,20250717 05:33:09.658000,806296,100,606481,0.11,BATS,12545
MULN,20250717 05:33:09.658000,806294,100,606081,0.11,MEMX,12545
MULN,20250717 05:33:09.658000,806293,200,605981,0.11,NQEX,12545
MULN,20250717 05:33:09.658000,806292,443,605781,0.11,NQEX,12545
MULN,20250717 05:33:09.658000,806297,300,606781,0.11,PACF,12545
MULN,20250717 05:33:09.658000,806295,300,606381,0.11,EDGX,12545
MULN,20250717 05:33:09.661000,806298,443,607224,0.11,MEMX,12545
MULN,20250717 05:33:09.662000,806299,443,607667,0.11,NQEX,12545
MULN,20250717 05:33:32.642000,808123,250,607917,0.11,EDGX,12545
MULN,20250717 05:33:43.938000,809175,4566,617029,0.11,BATS,12545
MULN,20250717 05:33:43.938000,809173,225,608142,0.11,NQEX,12545
MULN,20250717 05:33:43.938000,809174,4321,612463,0.11,EDGX,12545
MULN,20250717 05:33:43.941000,809176,225,617254,0.11,PACF,12545
MULN,20250717 05:33:43.943000,809177,225,617479,0.11,EDGX,12545
MULN,20250717 05:33:43.944000,809178,225,617704,0.11,NQEX,12545
MULN,20250717 05:33:43.945000,809179,225,617929,0.11,EDGX,12545
MULN,20250717 05:33:43.946000,809180,225,618154,0.11,EDGX,12545
MULN,20250717 05:33:43.947000,809182,225,618604,0.11,NQEX,12545
MULN,20250717 05:33:43.947000,809181,225,618379,0.11,PACF,12545
MULN,20250717 05:33:43.949000,809190,459,619063,0.11,NQEX,12545
MULN,20250717 05:34:11.021000,812471,1,619064,0.11,PACF,12545
MULN,20250717 05:34:16.994000,813132,1973,621037,0.11,PACF,12545
MULN,20250717 05:34:27.837000,814084,3088,625212,0.11,PACF,12545
MULN,20250717 05:34:27.837000,814082,1026,622063,0.11,PACF,12545
MULN,20250717 05:34:27.837000,814083,61,622124,0.11,PACF,12545
MULN,20250717 05:34:56.895000,817206,1000,626212,0.11,PACF,12545
MULN,20250717 05:35:37.344000,820249,1151,627363,0.11,PACF,12545
MULN,20250717 05:36:22.752000,823426,3000,630363,0.11,PACF,12545
MULN,20250717 05:36:22.752000,823427,4566,634929,0.11,BATS,12545
MULN,20250717 05:36:22.753000,823428,7471,642400,0.11,PACF,12545
MULN,20250717 05:37:38.085000,830403,1,642471,0.11,PACF,12545
MULN,20250717 05:37:38.085000,830402,70,642470,0.11,PACF,12545
MULN,20250717 05:37:38.085000,830404,7,642478,0.11,PACF,12545
MULN,20250717 05:37:38.085000,830405,22,642500,0.11,PACF,12545
MULN,20250717 05:38:22.952000,835298,1,642501,0.11,PACF,12545
MULN,20250717 05:38:42.266000,837032,3,642504,0.11,PACF,12545
MULN,20250717 05:39:04.254000,839541,50,642554,0.11,NQEX,12545
MULN,20250717 05:40:20.037000,846385,1,642555,0.11,PACF,12545
MULN,20250717 05:41:01.253000,850305,2400,644955,0.11,EDGX,12545
MULN,20250717 05:41:18.079000,851676,807,645762,0.11,PACF,12545
MULN,20250717 05:41:18.081000,851677,392,646154,0.11,EDGX,12545
MULN,20250717 05:41:41.345000,853122,50,646204,0.11,NQEX,12545
MULN,20250717 05:41:41.346000,853125,2,668737,0.11,PACF,12545
MULN,20250717 05:41:41.346000,853124,17965,668735,0.11,PACF,12545
MULN,20250717 05:41:41.346000,853123,4566,650770,0.11,BATS,12545
MULN,20250717 05:42:13.830000,856090,128,668865,0.11,EDGX,12545
MULN,20250717 05:42:37.338000,857638,82,668947,0.11,EDGX,12545
MULN,20250717 05:45:35.587000,872586,493,669440,0.11,EDGX,12545
MULN,20250717 05:45:35.587000,872587,1,669441,0.11,EDGX,12545
MULN,20250717 05:45:35.587000,872588,1000,670441,0.11,EDGX,12545
MULN,20250717 05:45:35.587000,872589,4566,675007,0.11,BATS,12545
MULN,20250717 05:46:10.755000,875424,50,675057,0.11,PACF,12545
MULN,20250717 05:46:10.756000,875426,45,675107,0.11,PACF,12545
MULN,20250717 05:46:10.756000,875425,5,675062,0.11,BATS,12545
MULN,20250717 05:46:10.756000,875428,400,676007,0.11,PACF,12545
MULN,20250717 05:46:10.756000,875427,500,675607,0.11,PACF,12545
MULN,20250717 05:46:11.413000,875464,1614,677621,0.11,PACF,12545
MULN,20250717 05:47:47.138000,882280,150,677771,0.11,NQEX,12545
MULN,20250717 05:47:47.138000,882281,162,677933,0.11,MEMX,12545
MULN,20250717 05:47:47.139000,882282,1841,679774,0.11,PACF,12545
MULN,20250717 05:48:22.588000,884933,279,680053,0.11,PACF,12545
MULN,20250717 05:48:34.406000,885895,320,680373,0.11,PACF,12545
MULN,20250717 05:49:21.485000,889047,1,680374,0.11,NQEX,12545
MULN,20250717 05:50:00.828000,891775,353,680727,0.11,NQEX,12545
MULN,20250717 05:50:37.669000,893965,5,680732,0.11,NQEX,12545
MULN,20250717 05:50:56.047000,895949,839,681571,0.11,PACF,12545
MULN,20250717 05:50:56.047000,895951,5,681616,0.11,PACF,12545
MULN,20250717 05:50:56.047000,895952,18,681634,0.11,PACF,12545
MULN,20250717 05:50:56.047000,895953,1000,682634,0.11,NQEX,12545
MULN,20250717 05:50:56.047000,895950,40,681611,0.11,PACF,12545
MULN,20250717 05:50:56.048000,895954,5,682639,0.11,PACF,12545
MULN,20250717 05:51:16.752000,897303,10,682649,0.11,EDGX,12545
MULN,20250717 05:51:16.753000,897304,5,682654,0.11,PACF,12545
MULN,20250717 05:51:16.753000,897305,5,682659,0.11,NQEX,12545
MULN,20250717 05:51:16.753000,897306,5,682664,0.11,NQEX,12545
MULN,20250717 05:51:16.754000,897307,455,683119,0.11,PACF,12545
MULN,20250717 05:51:19.221000,897484,20,683139,0.11,PACF,12545
MULN,20250717 05:51:25.188000,897805,632,683771,0.11,PACF,12545
MULN,20250717 05:51:30.826000,898344,1000,684771,0.11,PACF,12545
MULN,20250717 05:51:56.650000,899927,300,685071,0.11,PACF,12545
MULN,20250717 05:52:20.044000,901621,10,685081,0.11,PACF,12545
MULN,20250717 05:52:22.023000,901730,10,685091,0.11,PACF,12545
MULN,20250717 05:52:49.478000,904040,1,685092,0.11,PACF,12545
MULN,20250717 05:52:58.517000,904720,1,685093,0.11,PACF,12545
MULN,20250717 05:52:59.003000,904745,5,685181,0.11,PACF,12545
MULN,20250717 05:52:59.003000,904744,83,685176,0.11,PACF,12545
MULN,20250717 05:52:59.004000,904746,5,685186,0.11,PACF,12545
MULN,20250717 05:52:59.638000,904797,124,685310,0.11,PACF,12545
MULN,20250717 05:53:11.636000,906083,12,685322,0.11,PACF,12545
MULN,20250717 05:53:15.446000,906501,100,685422,0.11,PACF,12545
MULN,20250717 05:54:15.822000,913889,739,686541,0.11,EDGX,12545
MULN,20250717 05:54:15.822000,913886,50,685617,0.11,PACF,12545
MULN,20250717 05:54:15.822000,913888,5,685802,0.11,PACF,12545
MULN,20250717 05:54:15.822000,913885,145,685567,0.11,PACF,12545
MULN,20250717 05:54:15.822000,913887,180,685797,0.11,PACF,12545
MULN,20250717 05:55:52.711000,924723,2,686799,0.11,PACF,12545
MULN,20250717 05:55:52.711000,924722,10,686797,0.11,PACF,12545
MULN,20250717 05:55:52.711000,924721,246,686787,0.11,PACF,12545
MULN,20250717 06:00:53.784000,956878,2500,689299,0.11,EDGX,12545
MULN,20250717 06:00:53.787000,956879,5,689304,0.11,PACF,12545
MULN,20250717 06:02:38.795000,967133,600,689904,0.11,EDGX,12545
MULN,20250717 06:02:38.797000,967134,9,689913,0.11,PACF,12545
MULN,20250717 06:02:47.365000,968015,306,690219,0.11,PACF,12545
MULN,20250717 06:03:16.610000,971304,266,690485,0.11,PACF,12545
MULN,20250717 06:03:16.610000,971305,1686,692171,0.11,NQEX,12545
MULN,20250717 06:04:05.714000,975332,976,693147,0.11,NQEX,12545
MULN,20250717 06:04:05.716000,975333,170,693317,0.11,PACF,12545
MULN,20250717 06:05:15.780000,980841,1,693318,0.11,PACF,12545
MULN,20250717 06:05:19.517000,981176,20,693338,0.11,PACF,12545
MULN,20250717 06:05:32.315000,982250,10,693348,0.11,PACF,12545
MULN,20250717 06:06:14.491000,986680,4230,697578,0.11,PACF,12545
MULN,20250717 06:06:38.005000,991676,10,697588,0.11,BATS,12545
MULN,20250717 06:06:47.766000,992940,83,697671,0.11,BATS,12545
MULN,20250717 06:06:54.492000,993814,35,697706,0.11,BATS,12545
MULN,20250717 06:07:03.487000,995502,349,698055,0.11,PACF,12545
MULN,20250717 06:07:06.401000,995922,30,698085,0.11,BATS,12545
MULN,20250717 06:07:24.804000,999243,20,698105,0.11,BATS,12545
MULN,20250717 06:07:38.935000,1000812,6,698111,0.11,BATS,12545
MULN,20250717 06:08:04.519000,1002810,10,698121,0.11,BATS,12545
MULN,20250717 06:08:20.316000,1004634,10,698131,0.11,BATS,12545
MULN,20250717 06:08:20.537000,1004638,100,698231,0.11,BATS,12545
MULN,20250717 06:08:36.505000,1006144,50,698281,0.11,BATS,12545
MULN,20250717 06:08:37.866000,1006254,300,698581,0.11,BATS,12545
MULN,20250717 06:09:08.632000,1009177,851,699537,0.11,PACF,12545
MULN,20250717 06:09:08.632000,1009175,5,698586,0.11,NQEX,12545
MULN,20250717 06:09:08.632000,1009178,100,699637,0.11,PACF,12545
MULN,20250717 06:09:08.632000,1009179,300,699937,0.11,PACF,12545
MULN,20250717 06:09:08.632000,1009180,10,699947,0.11,PACF,12545
MULN,20250717 06:09:08.632000,1009176,100,698686,0.11,EDGX,12545
MULN,20250717 06:10:07.696000,1014172,1375,701322,0.11,EDGX,12545
MULN,20250717 06:10:07.696000,1014173,115,701437,0.11,EDGX,12545
MULN,20250717 06:10:07.696000,1014174,1375,702812,0.11,EDGX,12545
MULN,20250717 06:10:25.664000,1015797,200,703012,0.11,PACF,12545
MULN,20250717 06:11:24.510000,1021323,509,703521,0.11,PACF,12545
MULN,20250717 06:12:16.689000,1027088,1000,704521,0.11,PACF,12545
MULN,20250717 06:13:11.103000,1032928,139,704660,0.11,PACF,12545
MULN,20250717 06:13:23.709000,1034212,10,706479,0.11,EDGX,12545
MULN,20250717 06:13:23.709000,1034210,349,705469,0.11,PACF,12545
MULN,20250717 06:13:23.709000,1034209,10,705120,0.11,PACF,12545
MULN,20250717 06:13:23.709000,1034208,50,705110,0.11,PACF,12545
MULN,20250717 06:13:23.709000,1034207,400,705060,0.11,PACF,12545
MULN,20250717 06:13:23.709000,1034213,10,706489,0.11,EDGX,12545
MULN,20250717 06:13:23.709000,1034211,1000,706469,0.11,MEMX,12545
MULN,20250717 06:13:23.709000,1034214,6914,713403,0.11,EDGX,12545
MULN,20250717 06:14:18.499000,1038812,511,713914,0.11,PACF,12545
MULN,20250717 06:14:18.499000,1038813,1489,715403,0.11,PACF,12545
MULN,20250717 06:15:04.277000,1041659,220,715623,0.11,PACF,12545
MULN,20250717 06:15:38.855000,1045272,200,715823,0.11,PACF,12545
MULN,20250717 06:15:39.488000,1045305,485,716308,0.11,PACF,12545
MULN,20250717 06:15:57.915000,1047048,3,716311,0.11,PACF,12545
MULN,20250717 06:16:31.073000,1050942,4571,720882,0.11,EDGX,12545
MULN,20250717 06:17:37.443000,1057697,6,720888,0.11,NQEX,12545
MULN,20250717 06:17:44.890000,1059152,894,721782,0.11,NQEX,12545
MULN,20250717 06:17:44.892000,1059153,3456,725238,0.11,PACF,12545
MULN,20250717 06:18:34.218000,1067338,1091,726329,0.11,EDGX,12545
MULN,20250717 06:22:31.121000,1106385,1000,727329,0.11,PACF,12545
MULN,20250717 06:22:51.134000,1108888,63,727392,0.11,PACF,12545
MULN,20250717 06:23:05.748000,1110544,100,727492,0.11,EDGX,12545
MULN,20250717 06:23:05.748000,1110546,230,727822,0.11,EDGX,12545
MULN,20250717 06:23:05.748000,1110545,100,727592,0.11,EDGX,12545
MULN,20250717 06:23:13.497000,1112118,70,727892,0.11,PACF,12545
MULN,20250717 06:23:43.274000,1118616,500,728659,0.11,PACF,12545
MULN,20250717 06:23:43.274000,1118615,267,728159,0.11,PACF,12545
MULN,20250717 06:23:43.274000,1118618,100,728809,0.11,MEMX,12545
MULN,20250717 06:23:43.274000,1118617,50,728709,0.11,PACF,12545
MULN,20250717 06:23:43.275000,1118620,1913,731527,0.11,PACF,12545
MULN,20250717 06:23:43.275000,1118619,805,729614,0.11,PACF,12545
MULN,20250717 06:24:00.589000,1121911,117,731644,0.11,PACF,12545
MULN,20250717 06:24:12.054000,1123874,100,731744,0.11,PACF,12545
MULN,20250717 06:25:17.578000,1136450,604,732348,0.11,PACF,12545
MULN,20250717 06:25:24.790000,1137961,50,732398,0.11,PACF,12545
MULN,20250717 06:25:27.313000,1138435,1,732399,0.11,PACF,12545
MULN,20250717 06:25:50.404000,1142470,3,732402,0.11,PACF,12545
MULN,20250717 06:26:18.148000,1145325,122,732524,0.11,PACF,12545
MULN,20250717 06:26:40.507000,1148775,32,732556,0.11,PACF,12545
MULN,20250717 06:26:40.507000,1148776,968,733524,0.11,PACF,12545
MULN,20250717 06:26:45.717000,1149577,100,733624,0.11,EDGX,12545
MULN,20250717 06:28:32.805000,1163108,30,733654,0.11,PACF,12545
MULN,20250717 06:28:56.086000,1165208,100,733754,0.11,EDGX,12545
MULN,20250717 06:29:58.833000,1172462,100,733854,0.11,EDGX,12545
MULN,20250717 06:31:09.527000,1181171,200,734054,0.11,PACF,12545
MULN,20250717 06:31:10.671000,1181301,6,734060,0.11,MEMX,12545
MULN,20250717 06:31:47.601000,1184168,795,734855,0.11,PACF,12545
MULN,20250717 06:31:55.903000,1184689,3,738635,0.11,EDGX,12545
MULN,20250717 06:31:55.903000,1184692,372,739013,0.11,EDGX,12545
MULN,20250717 06:31:55.903000,1184691,3,738641,0.11,EDGX,12545
MULN,20250717 06:31:55.903000,1184693,10842,749855,0.11,EDGX,12545
MULN,20250717 06:31:55.903000,1184686,2366,738626,0.11,PACF,12545
MULN,20250717 06:31:55.903000,1184687,3,738629,0.11,PACF,12545
MULN,20250717 06:31:55.903000,1184684,400,735860,0.11,PACF,12545
MULN,20250717 06:31:55.903000,1184690,3,738638,0.11,EDGX,12545
MULN,20250717 06:31:55.903000,1184683,100,735460,0.11,PACF,12545
MULN,20250717 06:31:55.903000,1184682,505,735360,0.11,PACF,12545
MULN,20250717 06:31:55.903000,1184688,3,738632,0.11,EDGX,12545
MULN,20250717 06:31:55.903000,1184685,400,736260,0.11,PACF,12545
MULN,20250717 06:31:56.610000,1184730,60,749915,0.11,EDGX,12545
MULN,20250717 06:34:00.199000,1198931,1,749916,0.11,EDGX,12545
MULN,20250717 06:34:45.407000,1204651,13,749929,0.11,PACF,12545
MULN,20250717 06:35:37.315000,1210018,270,750199,0.11,EDGX,12545
MULN,20250717 06:35:53.259000,1211957,465,750664,0.11,EDGX,12545
MULN,20250717 06:36:33.773000,1216668,300,750964,0.11,NQEX,12545
MULN,20250717 06:37:20.581000,1222741,29,750993,0.11,PACF,12545
MULN,20250717 06:37:20.581000,1222742,54,751047,0.11,PACF,12545
MULN,20250717 06:37:32.412000,1224099,29,751076,0.11,NQEX,12545
MULN,20250717 06:38:20.484000,1229318,627,751923,0.11,PACF,12545
MULN,20250717 06:38:20.484000,1229317,220,751296,0.11,PACF,12545
MULN,20250717 06:39:21.989000,1236340,100,752023,0.11,PACF,12545
MULN,20250717 06:41:00.977000,1252185,137,752160,0.11,PACF,12545
MULN,20250717 06:41:00.977000,1252186,883,753043,0.11,PACF,12545
MULN,20250717 06:41:00.977000,1252189,64,754207,0.11,NQEX,12545
MULN,20250717 06:41:00.977000,1252191,2264,756578,0.11,EDGX,12545
MULN,20250717 06:41:00.977000,1252190,107,754314,0.11,MEMX,12545
MULN,20250717 06:41:00.977000,1252188,100,754143,0.11,NQEX,12545
MULN,20250717 06:41:00.977000,1252187,1000,754043,0.11,PACF,12545
MULN,20250717 06:41:00.980000,1252192,390,756968,0.11,PACF,12545
MULN,20250717 06:43:21.959000,1270648,800,757768,0.11,PACF,12545
MULN,20250717 06:43:30.403000,1272385,5,757773,0.11,NQEX,12545
MULN,20250717 06:43:30.403000,1272386,2000,759773,0.11,NQEX,12545
MULN,20250717 06:43:30.403000,1272387,2995,762768,0.11,NQEX,12545
MULN,20250717 06:43:37.771000,1273578,58,762826,0.11,PACF,12545
MULN,20250717 06:44:01.978000,1276615,34,762860,0.11,EDGX,12545
MULN,20250717 06:44:01.979000,1276616,340,763200,0.11,PACF,12545
MULN,20250717 06:44:35.409000,1280114,20,763220,0.11,PACF,12545
MULN,20250717 06:44:37.584000,1280390,11,763231,0.11,PACF,12545
MULN,20250717 06:44:56.273000,1282440,99,763330,0.11,MEMX,12545
MULN,20250717 06:44:56.274000,1282441,1,763331,0.11,PACF,12545
MULN,20250717 06:45:24.798000,1289066,11774,775105,0.11,EDGX,12545
MULN,20250717 06:45:25.495000,1289139,500,775605,0.11,PACF,12545
MULN,20250717 06:46:38.542000,1301700,3500,779105,0.11,PACF,12545
MULN,20250717 06:47:34.000000,1308341,600,779705,0.11,PACF,12545
MULN,20250717 06:47:46.408000,1309360,190,779895,0.11,PACF,12545
MULN,20250717 06:47:56.854000,1310626,300,780195,0.11,PACF,12545
MULN,20250717 06:48:18.108000,1314523,850,781045,0.11,PACF,12545
MULN,20250717 06:48:31.329000,1316745,127,781172,0.11,PACF,12545
MULN,20250717 06:48:50.148000,1320030,63,781235,0.11,PACF,12545
MULN,20250717 06:49:01.019000,1322208,60,781295,0.11,PACF,12545
MULN,20250717 06:49:10.437000,1323602,839,782134,0.11,EDGX,12545
MULN,20250717 06:49:10.437000,1323603,161,782295,0.11,EDGX,12545
MULN,20250717 06:49:19.277000,1325148,499,782794,0.11,PACF,12545
MULN,20250717 06:49:53.654000,1330132,71,782865,0.11,EDGX,12545
MULN,20250717 06:49:53.670000,1330134,500,786671,0.11,PACF,12545
MULN,20250717 06:49:53.670000,1330133,3306,786171,0.11,PACF,12545
MULN,20250717 06:49:53.670000,1330135,294,786965,0.11,PACF,12545
MULN,20250717 06:49:53.676000,1330136,55,787020,0.11,PACF,12545
MULN,20250717 06:49:55.873000,1330492,10,787030,0.11,EDGX,12545
MULN,20250717 06:50:08.188000,1331803,758,787788,0.11,EDGX,12545
MULN,20250717 06:50:08.188000,1331804,42,787830,0.11,EDGX,12545
MULN,20250717 06:51:15.747000,1338542,1287,791097,0.11,PACF,12545
MULN,20250717 06:51:15.747000,1338543,124,791221,0.11,PACF,12545
MULN,20250717 06:51:15.747000,1338544,591,791812,0.11,PACF,12545
MULN,20250717 06:51:15.747000,1338540,114,788490,0.11,PACF,12545
MULN,20250717 06:51:15.747000,1338545,1213,793025,0.11,PACF,12545
MULN,20250717 06:51:15.747000,1338546,10,793035,0.11,PACF,12545
MULN,20250717 06:51:15.747000,1338539,546,788376,0.11,PACF,12545
MULN,20250717 06:51:15.747000,1338547,1102,794137,0.11,PACF,12545
MULN,20250717 06:51:15.747000,1338541,1320,789810,0.11,PACF,12545
MULN,20250717 06:51:15.747000,1338552,100,796977,0.11,PACF,12545
MULN,20250717 06:51:15.747000,1338548,2300,796437,0.11,PACF,12545
MULN,20250717 06:51:15.747000,1338554,86,800063,0.11,PACF,12545
MULN,20250717 06:51:15.747000,1338553,3000,799977,0.11,PACF,12545
MULN,20250717 06:51:15.747000,1338551,40,796877,0.11,PACF,12545
MULN,20250717 06:51:15.747000,1338556,10,802073,0.11,PACF,12545
MULN,20250717 06:51:15.747000,1338557,200,802273,0.11,PACF,12545
MULN,20250717 06:51:15.747000,1338558,2596,804869,0.11,PACF,12545
MULN,20250717 06:51:15.747000,1338549,100,796537,0.11,PACF,12545
MULN,20250717 06:51:15.747000,1338550,300,796837,0.11,PACF,12545
MULN,20250717 06:51:15.747000,1338559,400,805269,0.11,NQEX,12545
MULN,20250717 06:51:15.747000,1338562,300,805769,0.11,MEMX,12545
MULN,20250717 06:51:15.747000,1338555,2000,802063,0.11,PACF,12545
MULN,20250717 06:51:15.747000,1338561,100,805469,0.11,BATS,12545
MULN,20250717 06:51:15.747000,1338560,100,805369,0.11,EDGX,12545
MULN,20250717 06:52:07.517000,1344463,37,805806,0.11,EDGX,12545
MULN,20250717 06:52:30.515000,1348325,409,806215,0.11,PACF,12545
MULN,20250717 06:53:44.753000,1354928,9,806224,0.11,PACF,12545
MULN,20250717 06:53:44.942000,1354937,1509,810724,0.11,PACF,12545
MULN,20250717 06:53:44.942000,1354936,2991,809215,0.11,PACF,12545
MULN,20250717 06:55:04.063000,1364679,1191,811915,0.11,MEMX,12545
MULN,20250717 06:55:08.478000,1365279,3000,814915,0.11,PACF,12545
MULN,20250717 06:55:08.478000,1365280,410,815325,0.11,PACF,12545
MULN,20250717 06:55:36.195000,1370020,1000,816325,0.11,PACF,12545
MULN,20250717 06:55:58.113000,1374832,1800,820125,0.11,PACF,12545
MULN,20250717 06:55:58.113000,1374831,2000,818325,0.11,PACF,12545
MULN,20250717 06:55:58.115000,1374833,1400,821525,0.11,EDGX,12545
MULN,20250717 06:55:58.117000,1374834,66,821591,0.11,PACF,12545
MULN,20250717 06:58:12.353000,1395417,3000,824591,0.11,PACF,12545
MULN,20250717 06:58:25.975000,1397505,100,824691,0.11,PACF,12545
MULN,20250717 06:58:25.975000,1397506,236,824927,0.11,PACF,12545
MULN,20250717 06:58:34.067000,1398881,1,824928,0.11,PACF,12545
MULN,20250717 07:00:00.121000,1413491,1300,840929,0.11,EDGX,12545
MULN,20250717 07:00:00.121000,1413490,14701,839629,0.11,EDGX,12545
MULN,20250717 07:00:00.122000,1413555,100,844487,0.11,PACF,12545
MULN,20250717 07:00:00.122000,1413554,1,844387,0.11,PACF,12545
MULN,20250717 07:00:00.122000,1413553,1519,844386,0.11,PACF,12545
MULN,20250717 07:00:00.122000,1413552,119,842867,0.11,PACF,12545
MULN,20250717 07:00:00.122000,1413551,1,842748,0.11,PACF,12545
MULN,20250717 07:00:00.122000,1413550,1782,842747,0.11,PACF,12545
MULN,20250717 07:00:00.122000,1413549,36,840965,0.11,PACF,12545
MULN,20250717 07:00:00.137000,1414670,441,844928,0.11,EDGX,12545
MULN,20250717 07:00:07.542000,1423674,800,846028,0.11,BATS,12545
MULN,20250717 07:00:07.542000,1423675,432,846460,0.11,BATS,12545
MULN,20250717 07:00:07.542000,1423676,700,847160,0.11,BATS,12545
MULN,20250717 07:00:07.542000,1423673,300,845228,0.11,BATS,12545
MULN,20250717 07:00:12.996000,1427826,2,847164,0.11,PACF,12545
MULN,20250717 07:00:12.996000,1427825,2,847162,0.11,EDGX,12545
MULN,20250717 07:00:44.808000,1439564,1,847165,0.11,PACF,12545
MULN,20250717 07:01:35.325000,1458308,100,847265,0.11,PACF,12545
MULN,20250717 07:02:17.907000,1469421,2888,851753,0.11,BATS,12545
MULN,20250717 07:02:17.907000,1469420,1600,848865,0.11,BATS,12545
MULN,20250717 07:02:17.908000,1469422,2000,853753,0.11,MEMX,12545
MULN,20250717 07:02:17.910000,1469425,1212,855465,0.11,BATS,12545
MULN,20250717 07:02:17.910000,1469424,500,854253,0.11,BATS,12545
MULN,20250717 07:02:17.911000,1469426,600,856065,0.11,BATS,12545
MULN,20250717 07:02:17.911000,1469427,1200,857265,0.11,BATS,12545
MULN,20250717 07:02:30.008000,1471858,75,857340,0.11,PACF,12545
MULN,20250717 07:02:44.074000,1474628,850,858190,0.11,PACF,12545
MULN,20250717 07:02:59.951000,1477915,300,858490,0.11,PACF,12545
MULN,20250717 07:02:59.952000,1477916,100,858590,0.11,BATS,12545
MULN,20250717 07:02:59.953000,1477917,300,858890,0.11,BATS,12545
MULN,20250717 07:02:59.953000,1477918,100,858990,0.11,BATS,12545
MULN,20250717 07:02:59.953000,1477919,100,859090,0.11,BATS,12545
MULN,20250717 07:04:07.959000,1494332,200,859290,0.11,BATS,12545
MULN,20250717 07:04:07.960000,1494333,800,860090,0.11,BATS,12545
MULN,20250717 07:04:07.960000,1494334,300,860390,0.11,BATS,12545
MULN,20250717 07:04:07.960000,1494335,200,860590,0.11,BATS,12545
MULN,20250717 07:04:08.421000,1494489,539,861129,0.11,PACF,12545
MULN,20250717 07:04:08.676000,1494582,6,861135,0.11,MEMX,12545
MULN,20250717 07:04:54.180000,1508381,4854,865989,0.11,MEMX,12545
MULN,20250717 07:05:16.723000,1513837,1300,867289,0.11,MEMX,12545
MULN,20250717 07:05:28.844000,1517231,174,868163,0.11,PACF,12545
MULN,20250717 07:05:28.844000,1517230,700,867989,0.11,MEMX,12545
MULN,20250717 07:05:57.628000,1524064,4488,872651,0.11,BATS,12545
MULN,20250717 07:05:57.628000,1524066,1559,879708,0.11,EDGX,12545
MULN,20250717 07:05:57.628000,1524065,5498,878149,0.11,NQEX,12545
MULN,20250717 07:05:57.631000,1524067,1700,881408,0.11,PACF,12545
MULN,20250717 07:05:57.631000,1524068,1300,882708,0.11,PACF,12545
MULN,20250717 07:05:57.633000,1524069,8119,890827,0.11,NQEX,12545
MULN,20250717 07:05:57.633000,1524070,1,890828,0.11,PACF,12545
MULN,20250717 07:05:57.637000,1524072,6635,897463,0.11,MEMX,12545
MULN,20250717 07:06:34.897000,1532308,6300,903763,0.11,MEMX,12545
MULN,20250717 07:06:39.041000,1533052,1484,905247,0.11,MEMX,12545
MULN,20250717 07:06:39.041000,1533053,100,905347,0.11,PACF,12545
MULN,20250717 07:06:39.042000,1533054,8119,913466,0.11,NQEX,12545
MULN,20250717 07:06:39.042000,1533057,6617,920283,0.11,MEMX,12545
MULN,20250717 07:06:39.042000,1533056,100,913666,0.11,EDGX,12545
MULN,20250717 07:06:39.042000,1533055,100,913566,0.11,MEMX,12545
MULN,20250717 07:07:22.954000,1542846,3,920286,0.11,EDGX,12545
MULN,20250717 07:07:46.567000,1548759,3000,923286,0.11,EDGX,12545
MULN,20250717 07:07:46.567000,1548760,333,923619,0.11,EDGX,12545
MULN,20250717 07:07:47.818000,1548986,5,923624,0.11,MEMX,12545
MULN,20250717 07:08:38.523000,1562882,7,923631,0.11,EDGX,12545
MULN,20250717 07:08:58.710000,1571528,1,923632,0.11,EDGX,12545
MULN,20250717 07:09:53.584000,1587345,4992,928624,0.11,EDGX,12545
MULN,20250717 07:10:19.513000,1594240,150,928774,0.11,MEMX,12545
MULN,20250717 07:10:30.576000,1596659,200,928974,0.11,BATS,12545
MULN,20250717 07:10:30.576000,1596660,100,929074,0.11,BATS,12545
MULN,20250717 07:10:30.577000,1596661,200,929274,0.11,BATS,12545
MULN,20250717 07:10:35.613000,1597737,1,934121,0.11,MEMX,12545
MULN,20250717 07:10:35.613000,1597735,4845,934119,0.11,MEMX,12545
MULN,20250717 07:10:35.613000,1597736,1,934120,0.11,MEMX,12545
MULN,20250717 07:10:35.614000,1597738,2448,936569,0.11,PACF,12545
MULN,20250717 07:10:48.357000,1599856,2448,939017,0.11,EDGX,12545
MULN,20250717 07:11:13.233000,1605299,500,939517,0.11,EDGX,12545
MULN,20250717 07:11:34.010000,1609462,85,939602,0.11,EDGX,12545
MULN,20250717 07:11:34.670000,1609546,99,940201,0.11,PACF,12545
MULN,20250717 07:11:34.670000,1609544,500,940102,0.11,MEMX,12545
MULN,20250717 07:11:37.477000,1609996,2,940203,0.11,MEMX,12545
MULN,20250717 07:11:37.819000,1610195,100,940303,0.11,BATS,12545
MULN,20250717 07:11:37.820000,1610196,100,940403,0.11,BATS,12545
MULN,20250717 07:11:59.749000,1614363,1,940404,0.11,MEMX,12545
MULN,20250717 07:12:00.602000,1614463,3000,943404,0.11,PACF,12545
MULN,20250717 07:12:49.410000,1622095,180,943584,0.11,PACF,12545
MULN,20250717 07:12:54.833000,1623110,2,943586,0.11,EDGX,12545
MULN,20250717 07:12:54.834000,1623111,148,943734,0.11,PACF,12545
MULN,20250717 07:13:03.096000,1624474,4,943738,0.11,PACF,12545
MULN,20250717 07:13:46.131000,1633466,1000,944738,0.11,EDGX,12545
MULN,20250717 07:13:47.114000,1633866,174,944912,0.11,EDGX,12545
MULN,20250717 07:13:47.114000,1633867,400,945312,0.11,EDGX,12545
MULN,20250717 07:13:47.115000,1633868,3,945315,0.11,EDGX,12545
MULN,20250717 07:13:47.117000,1633869,426,945741,0.11,MEMX,12545
MULN,20250717 07:13:48.522000,1634326,175,945916,0.11,NQEX,12545
MULN,20250717 07:14:04.516000,1638413,1000,946916,0.11,NQEX,12545
MULN,20250717 07:14:13.463000,1641073,79,947625,0.11,NQEX,12545
MULN,20250717 07:14:13.463000,1641072,630,947546,0.11,MEMX,12545
MULN,20250717 07:14:29.254000,1644183,1000,948625,0.11,EDGX,12545
MULN,20250717 07:14:29.761000,1644307,100,948725,0.11,BATS,12545
MULN,20250717 07:14:29.761000,1644308,200,948925,0.11,BATS,12545
MULN,20250717 07:14:29.762000,1644310,300,949466,0.11,BATS,12545
MULN,20250717 07:14:29.762000,1644309,241,949166,0.11,BATS,12545
MULN,20250717 07:14:36.818000,1645994,2500,951966,0.11,MEMX,12545
MULN,20250717 07:14:36.818000,1645997,496,957950,0.11,PACF,12545
MULN,20250717 07:14:36.818000,1645996,4488,957454,0.11,BATS,12545
MULN,20250717 07:14:36.818000,1645995,1000,952966,0.11,BATS,12545
MULN,20250717 07:14:36.820000,1645998,8857,966807,0.11,EDGX,12545
MULN,20250717 07:14:48.799000,1648436,200,967007,0.11,EDGX,12545
MULN,20250717 07:14:48.800000,1648437,4359,971366,0.11,EDGX,12545
MULN,20250717 07:14:51.044000,1649015,88,971454,0.11,EDGX,12545
MULN,20250717 07:14:51.634000,1649126,14,971468,0.11,PACF,12545
MULN,20250717 07:15:21.407000,1654939,3000,974468,0.11,PACF,12545
MULN,20250717 07:15:21.407000,1654940,1600,976068,0.11,PACF,12545
MULN,20250717 07:16:52.893000,1667906,20,976088,0.11,MEMX,12545
MULN,20250717 07:17:02.039000,1669263,2,976090,0.11,MEMX,12545
MULN,20250717 07:17:21.083000,1672303,36,976126,0.11,MEMX,12545
MULN,20250717 07:17:27.904000,1673176,100,976226,0.11,MEMX,12545
MULN,20250717 07:17:33.639000,1673935,5,976231,0.11,MEMX,12545
MULN,20250717 07:17:48.469000,1675747,100,976331,0.11,MEMX,12545
MULN,20250717 07:17:55.019000,1676502,500,976831,0.11,MEMX,12545
MULN,20250717 07:17:58.523000,1676910,100,976931,0.11,MEMX,12545
MULN,20250717 07:18:03.364000,1677652,5000,981931,0.11,PACF,12545
MULN,20250717 07:18:06.593000,1678104,500,982431,0.11,MEMX,12545
MULN,20250717 07:18:24.879000,1680323,2,982433,0.11,MEMX,12545
MULN,20250717 07:18:29.943000,1680995,150,982583,0.11,NQEX,12545
MULN,20250717 07:18:29.944000,1680997,88,983717,0.11,NQEX,12545
MULN,20250717 07:18:29.944000,1680996,1046,983629,0.11,MEMX,12545
MULN,20250717 07:18:29.945000,1680998,1048,984765,0.11,PACF,12545
MULN,20250717 07:18:29.945000,1680999,838,985603,0.11,PACF,12545
MULN,20250717 07:18:55.023000,1684216,490,986093,0.11,PACF,12545
MULN,20250717 07:19:00.194000,1685009,150,986801,0.11,PACF,12545
MULN,20250717 07:19:00.194000,1685010,3500,990301,0.11,PACF,12545
MULN,20250717 07:19:00.194000,1685007,558,986651,0.11,PACF,12545
MULN,20250717 07:19:00.195000,1685011,1048,991349,0.11,EDGX,12545
MULN,20250717 07:19:03.619000,1685545,10,991359,0.11,EDGX,12545
MULN,20250717 07:19:11.349000,1686279,150,991509,0.11,EDGX,12545
MULN,20250717 07:20:00.313000,1692888,200,991709,0.11,EDGX,12545
MULN,20250717 07:20:09.560000,1694443,200,991909,0.11,EDGX,12545
MULN,20250717 07:20:34.282000,1697571,500,992409,0.11,PACF,12545
MULN,20250717 07:20:34.282000,1697572,500,992909,0.11,PACF,12545
MULN,20250717 07:20:34.282000,1697573,500,993409,0.11,PACF,12545
MULN,20250717 07:20:34.283000,1697575,500,994409,0.11,PACF,12545
MULN,20250717 07:20:34.283000,1697574,500,993909,0.11,PACF,12545
MULN,20250717 07:20:50.039000,1699196,1265,995674,0.11,PACF,12545
MULN,20250717 07:21:04.974000,1701440,5492,1001166,0.11,PACF,12545
MULN,20250717 07:21:55.513000,1708081,25,1001191,0.11,PACF,12545
MULN,20250717 07:21:59.464000,1708543,5000,1006191,0.11,PACF,12545
MULN,20250717 07:22:02.571000,1708872,200,1006391,0.11,PACF,12545
MULN,20250717 07:23:00.370000,1717462,50,1006441,0.11,PACF,12545
MULN,20250717 07:23:44.153000,1723091,25,1006466,0.11,EDGE,12545
MULN,20250717 07:23:58.689000,1724795,1000,1007466,0.11,BATS,12545
MULN,20250717 07:23:58.689000,1724796,4488,1011954,0.11,BATS,12545
MULN,20250717 07:23:58.689000,1724798,1643,1018597,0.11,PACF,12545
MULN,20250717 07:23:58.689000,1724797,5000,1016954,0.11,PACF,12545
MULN,20250717 07:26:28.139000,1752880,1,1018598,0.11,EDGX,12545
MULN,20250717 07:26:28.139000,1752881,100,1018698,0.11,EDGX,12545
MULN,20250717 07:26:28.139000,1752882,200,1018898,0.11,EDGX,12545
MULN,20250717 07:26:28.139000,1752883,400,1019298,0.11,EDGX,12545
MULN,20250717 07:26:28.139000,1752884,299,1019597,0.11,EDGX,12545
MULN,20250717 07:26:51.795000,1755445,46,1019643,0.11,EDGX,12545
MULN,20250717 07:27:03.873000,1757439,2727,1022370,0.11,PACF,12545
MULN,20250717 07:27:03.874000,1757440,2273,1024643,0.11,PACF,12545
MULN,20250717 07:27:28.873000,1760627,1,1024644,0.11,EDGX,12545
MULN,20250717 07:27:28.874000,1760628,69,1024713,0.11,EDGX,12545
MULN,20250717 07:27:29.072000,1760673,1,1024714,0.11,EDGX,12545
MULN,20250717 07:27:36.774000,1761647,1,1024715,0.11,EDGX,12545
MULN,20250717 07:27:46.580000,1762861,194,1025010,0.11,EDGX,12545
MULN,20250717 07:27:46.580000,1762860,100,1024816,0.11,EDGX,12545
MULN,20250717 07:27:46.580000,1762859,1,1024716,0.11,EDGX,12545
MULN,20250717 07:28:06.288000,1765812,29,1025039,0.11,EDGX,12545
MULN,20250717 07:28:47.393000,1772250,1,1025040,0.11,EDGX,12545
MULN,20250717 07:28:47.393000,1772251,49,1025089,0.11,EDGX,12545
MULN,20250717 07:29:15.294000,1775029,500,1025589,0.11,MEMX,12545
MULN,20250717 07:29:55.353000,1780132,1,1025590,0.11,EDGX,12545
MULN,20250717 07:29:55.353000,1780134,200,1025890,0.11,EDGX,12545
MULN,20250717 07:29:55.353000,1780135,249,1026139,0.11,EDGX,12545
MULN,20250717 07:29:55.353000,1780133,100,1025690,0.11,EDGX,12545
MULN,20250717 07:30:30.669000,1783934,1,1026140,0.11,EDGX,12545
MULN,20250717 07:30:30.669000,1783935,19,1026159,0.11,EDGX,12545
MULN,20250717 07:30:43.949000,1785714,2,1026162,0.11,EDGX,12545
MULN,20250717 07:30:43.949000,1785713,1,1026160,0.11,EDGX,12545
MULN,20250717 07:30:44.303000,1785779,1,1026163,0.11,EDGX,12545
MULN,20250717 07:30:44.303000,1785780,25,1026188,0.11,EDGX,12545
MULN,20250717 07:31:00.840000,1789311,1000,1029188,0.11,BATS,12545
MULN,20250717 07:31:00.840000,1789312,4488,1033676,0.11,BATS,12545
MULN,20250717 07:31:00.840000,1789310,2000,1028188,0.11,EDGX,12545
MULN,20250717 07:31:00.840000,1789313,10,1033686,0.11,EDGX,12545
MULN,20250717 07:31:11.662000,1790572,136,1033822,0.11,PACF,12545
MULN,20250717 07:31:41.727000,1796656,333,1034155,0.11,MEMX,12545
MULN,20250717 07:32:34.153000,1806237,481,1034636,0.11,MEMX,12545
MULN,20250717 07:33:28.937000,1815256,540,1035176,0.11,MEMX,12545
MULN,20250717 07:33:46.959000,1818111,18,1035194,0.11,PACF,12545
MULN,20250717 07:33:46.962000,1818112,4100,1039294,0.11,PACF,12545
MULN,20250717 07:34:07.488000,1822950,4600,1049382,0.11,PACF,12545
MULN,20250717 07:34:07.488000,1822949,4488,1044782,0.11,BATS,12545
MULN,20250717 07:34:07.488000,1822948,1000,1040294,0.11,BATS,12545
MULN,20250717 07:34:08.044000,1823528,100,1049482,0.11,MEMX,12545
MULN,20250717 07:34:11.969000,1824669,2900,1052382,0.11,MEMX,12545
MULN,20250717 07:34:11.969000,1824670,2700,1055082,0.11,MEMX,12545
MULN,20250717 07:34:11.980000,1824671,4600,1059682,0.11,MEMX,12545
MULN,20250717 07:34:56.431000,1833736,1,1059683,0.11,PACF,12545
MULN,20250717 07:34:57.214000,1833825,35,1059718,0.11,MEMX,12545
MULN,20250717 07:35:12.713000,1838252,1400,1062118,0.11,BATS,12545
MULN,20250717 07:35:12.713000,1838250,800,1060518,0.11,BATS,12545
MULN,20250717 07:35:12.713000,1838251,200,1060718,0.11,BATS,12545
MULN,20250717 07:35:12.714000,1838254,800,1063718,0.11,BATS,12545
MULN,20250717 07:35:12.714000,1838253,800,1062918,0.11,BATS,12545
MULN,20250717 07:35:28.653000,1841182,1000,1071606,0.11,MEMX,12545
MULN,20250717 07:35:28.653000,1841186,400,1074611,0.11,EDGX,12545
MULN,20250717 07:35:28.653000,1841181,4488,1070606,0.11,BATS,12545
MULN,20250717 07:35:28.653000,1841180,1000,1066118,0.11,BATS,12545
MULN,20250717 07:35:28.653000,1841179,400,1065118,0.11,EDGX,12545
MULN,20250717 07:35:28.653000,1841178,1000,1064718,0.11,MEMX,12545
MULN,20250717 07:35:28.653000,1841183,1200,1072806,0.11,EDGX,12545
MULN,20250717 07:35:28.653000,1841184,1400,1074206,0.11,EDGX,12545
MULN,20250717 07:35:28.653000,1841185,5,1074211,0.11,EDGX,12545
MULN,20250717 07:35:28.654000,1841192,700,1085199,0.11,MEMX,12545
MULN,20250717 07:35:28.654000,1841193,1,1085200,0.11,PACF,12545
MULN,20250717 07:35:28.654000,1841189,100,1079711,0.11,MEMX,12545
MULN,20250717 07:35:28.654000,1841190,4488,1084199,0.11,BATS,12545
MULN,20250717 07:35:28.654000,1841191,300,1084499,0.11,MEMX,12545
MULN,20250717 07:35:28.654000,1841187,10,1074621,0.11,NQEX,12545
MULN,20250717 07:35:28.654000,1841196,400,1085900,0.11,MEMX,12545
MULN,20250717 07:35:28.654000,1841195,100,1085500,0.11,MEMX,12545
MULN,20250717 07:35:28.654000,1841194,200,1085400,0.11,NQEX,12545
MULN,20250717 07:35:28.654000,1841188,4990,1079611,0.11,NQEX,12545
MULN,20250717 07:35:28.655000,1841198,3,1085913,0.11,PACF,12545
MULN,20250717 07:35:28.655000,1841199,1,1085914,0.11,PACF,12545
MULN,20250717 07:35:28.655000,1841197,10,1085910,0.11,NQEX,12545
MULN,20250717 07:35:28.656000,1841200,5,1085919,0.11,PACF,12545
MULN,20250717 07:35:28.657000,1841201,500,1086419,0.11,MEMX,12545
MULN,20250717 07:35:28.657000,1841202,17,1086436,0.11,MEMX,12545
MULN,20250717 07:35:28.658000,1841203,3000,1089436,0.11,PACF,12545
MULN,20250717 07:35:28.658000,1841204,300,1089736,0.11,PACF,12545
MULN,20250717 07:35:28.659000,1841205,9,1089745,0.11,PACF,12545
MULN,20250717 07:35:28.660000,1841206,1,1089746,0.11,PACF,12545
MULN,20250717 07:35:28.661000,1841209,20,1094421,0.11,NQEX,12545
MULN,20250717 07:35:28.661000,1841208,1000,1094401,0.11,NQEX,12545
MULN,20250717 07:35:28.661000,1841212,670,1095546,0.11,NQEX,12545
MULN,20250717 07:35:28.661000,1841213,25,1095571,0.11,BATS,12545
MULN,20250717 07:35:28.661000,1841214,3000,1098571,0.11,MEMX,12545
MULN,20250717 07:35:28.661000,1841215,160,1098731,0.11,MEMX,12545
MULN,20250717 07:35:28.661000,1841220,58,1108219,0.11,EDGX,12545
MULN,20250717 07:35:28.661000,1841216,200,1098931,0.11,MEMX,12545
MULN,20250717 07:35:28.661000,1841217,100,1099031,0.11,MEMX,12545
MULN,20250717 07:35:28.661000,1841218,9090,1108121,0.11,EDGX,12545
MULN,20250717 07:35:28.661000,1841219,40,1108161,0.11,MEMX,12545
MULN,20250717 07:35:28.661000,1841207,3655,1093401,0.11,NQEX,12545
MULN,20250717 07:35:28.661000,1841210,300,1094721,0.11,NQEX,12545
MULN,20250717 07:35:28.661000,1841221,220,1108439,0.11,EDGX,12545
MULN,20250717 07:35:28.661000,1841233,6,1117296,0.11,PACF,12545
MULN,20250717 07:35:28.661000,1841232,1000,1117290,0.11,PACF,12545
MULN,20250717 07:35:28.661000,1841231,20,1116290,0.11,PACF,12545
MULN,20250717 07:35:28.661000,1841230,5000,1116270,0.11,PACF,12545
MULN,20250717 07:35:28.661000,1841229,800,1111270,0.11,PACF,12545
MULN,20250717 07:35:28.661000,1841228,74,1110470,0.11,PACF,12545
MULN,20250717 07:35:28.661000,1841227,9,1110396,0.11,EDGX,12545
MULN,20250717 07:35:28.661000,1841226,16,1110387,0.11,EDGE,12545
MULN,20250717 07:35:28.661000,1841225,391,1110371,0.11,EDGX,12545
MULN,20250717 07:35:28.661000,1841224,1000,1109980,0.11,EDGX,12545
MULN,20250717 07:35:28.661000,1841223,41,1108980,0.11,EDGX,12545
MULN,20250717 07:35:28.661000,1841222,500,1108939,0.11,EDGE,12545
MULN,20250717 07:35:28.661000,1841211,155,1094876,0.11,NQEX,12545
MULN,20250717 07:35:28.662000,1841235,62,1117438,0.11,PACF,12545
MULN,20250717 07:35:28.662000,1841234,80,1117376,0.11,NQEX,12545
MULN,20250717 07:35:28.662000,1841236,1,1117439,0.11,PACF,12545
MULN,20250717 07:35:28.853000,1841305,1000,1118439,0.11,NQEX,12545
MULN,20250717 07:35:29.053000,1841322,1000,1120439,0.11,NQEX,12545
MULN,20250717 07:35:29.053000,1841321,1000,1119439,0.11,EDGX,12545
MULN,20250717 07:35:29.253000,1841377,1000,1122439,0.11,BATS,12545
MULN,20250717 07:35:29.253000,1841378,1000,1123439,0.11,NQEX,12545
MULN,20250717 07:35:29.253000,1841376,1000,1121439,0.11,NQEX,12545
MULN,20250717 07:35:29.453000,1841423,1000,1124439,0.11,BATS,12545
MULN,20250717 07:35:29.454000,1841425,1000,1125439,0.11,PACF,12545
MULN,20250717 07:35:29.653000,1841440,1000,1126439,0.11,EDGX,12545
MULN,20250717 07:35:29.654000,1841442,1000,1127439,0.11,PACF,12545
MULN,20250717 07:35:29.654000,1841443,25,1127464,0.11,MEMX,12545
MULN,20250717 07:35:29.655000,1841444,6643,1134107,0.11,MEMX,12545
MULN,20250717 07:35:29.655000,1841445,10,1134117,0.1,EDGX,12545
MULN,20250717 07:35:48.580000,1845608,250,1134367,0.11,PACF,12545
MULN,20250717 07:35:53.831000,1846711,3000,1137367,0.1,EDGX,12545
MULN,20250717 07:36:00.445000,1847855,20,1137387,0.11,PACF,12545
MULN,20250717 07:36:02.306000,1848081,700,1138087,0.11,PACF,12545
MULN,20250717 07:36:05.073000,1848621,1000,1139087,0.11,MEMX,12545
MULN,20250717 07:36:06.275000,1848813,1000,1140087,0.11,PACF,12545
MULN,20250717 07:36:06.719000,1848902,500,1141587,0.11,MEMX,12545
MULN,20250717 07:36:06.719000,1848899,1000,1141087,0.11,MEMX,12545
MULN,20250717 07:36:11.526000,1849814,3000,1144587,0.1,EDGX,12545
MULN,20250717 07:36:21.362000,1851459,1,1144588,0.11,PACF,12545
MULN,20250717 07:36:35.172000,1853832,429,1145017,0.11,MEMX,12545
MULN,20250717 07:37:02.283000,1861397,177,1145244,0.1,PACF,12545
MULN,20250717 07:37:02.283000,1861396,50,1145067,0.1,PACF,12545
MULN,20250717 07:37:02.283000,1861399,400,1145654,0.1,EDGX,12545
MULN,20250717 07:37:02.283000,1861398,10,1145254,0.1,EDGX,12545
MULN,20250717 07:37:04.840000,1862210,1000,1146654,0.11,BATS,12545
MULN,20250717 07:37:04.840000,1862212,3488,1151142,0.11,BATS,12545
MULN,20250717 07:37:04.840000,1862211,1000,1147654,0.11,BATS,12545
MULN,20250717 07:37:04.841000,1862214,3229,1154718,0.11,PACF,12545
MULN,20250717 07:37:04.841000,1862213,347,1151489,0.11,MEMX,12545
MULN,20250717 07:37:36.481000,1867507,13,1154731,0.11,EDGX,12545
MULN,20250717 07:37:40.774000,1867923,257,1154988,0.11,PACF,12545
MULN,20250717 07:38:06.207000,1873114,1000,1155988,0.11,PACF,12545
MULN,20250717 07:38:20.504000,1876100,7000,1162988,0.11,PACF,12545
MULN,20250717 07:38:25.343000,1877417,51,1163039,0.11,PACF,12545
MULN,20250717 07:38:33.417000,1878880,900,1163939,0.11,EDGX,12545
MULN,20250717 07:38:33.417000,1878881,2100,1166039,0.11,EDGX,12545
MULN,20250717 07:38:33.418000,1878884,900,1169939,0.11,BATS,12545
MULN,20250717 07:38:33.418000,1878882,2000,1168039,0.11,EDGX,12545
MULN,20250717 07:38:33.418000,1878883,1000,1169039,0.11,BATS,12545
MULN,20250717 07:38:33.420000,1878885,1500,1171439,0.11,EDGX,12545
MULN,20250717 07:38:38.663000,1880295,657,1172096,0.11,PACF,12545
MULN,20250717 07:39:50.364000,1900735,50,1172146,0.11,PACF,12545
MULN,20250717 07:40:24.163000,1908077,6,1172152,0.11,PACF,12545
MULN,20250717 07:40:25.109000,1908169,20,1172172,0.11,PACF,12545
MULN,20250717 07:42:24.580000,1923390,1,1172173,0.11,PACF,12545
MULN,20250717 07:42:24.580000,1923391,100,1172273,0.11,PACF,12545
MULN,20250717 07:43:00.163000,1928285,10,1172283,0.11,PACF,12545
MULN,20250717 07:44:01.408000,1935749,17,1172300,0.11,PACF,12545
MULN,20250717 07:44:28.369000,1939191,8,1172308,0.11,PACF,12545
MULN,20250717 07:45:51.094000,1953877,500,1172808,0.11,PACF,12545
MULN,20250717 07:45:58.884000,1954765,300,1173108,0.11,PACF,12545
MULN,20250717 07:47:19.103000,1966666,15,1173123,0.11,MEMX,12545
MULN,20250717 07:47:57.713000,1970937,191,1173314,0.11,NQEX,12545
MULN,20250717 07:47:57.714000,1970938,39,1173353,0.11,PACF,12545
MULN,20250717 07:49:05.665000,1979280,100,1173453,0.11,PACF,12545
MULN,20250717 07:49:09.319000,1979596,4558,1178011,0.11,BATS,12545
MULN,20250717 07:49:39.954000,1983751,100,1178111,0.11,MEMX,12545
MULN,20250717 07:49:53.884000,1985127,170,1178281,0.11,PACF,12545
MULN,20250717 07:50:43.628000,1990342,5,1178286,0.11,PACF,12545
MULN,20250717 07:50:58.857000,1992190,370,1178656,0.11,PACF,12545
MULN,20250717 07:50:59.704000,1992332,39,1178695,0.11,PACF,12545
MULN,20250717 07:51:01.726000,1992488,700,1179395,0.11,EDGE,12545
MULN,20250717 07:52:05.739000,1998243,1000,1180395,0.11,PACF,12545
MULN,20250717 07:54:14.123000,2016297,2,1180397,0.11,NQEX,12545
MULN,20250717 07:54:14.864000,2016379,60,1180457,0.11,NQEX,12545
MULN,20250717 07:54:20.174000,2016886,78,1181035,0.11,NQEX,12545
MULN,20250717 07:54:20.174000,2016885,500,1180957,0.11,NQEX,12545
MULN,20250717 07:54:20.175000,2016887,422,1181457,0.11,NQEX,12545
MULN,20250717 07:54:23.694000,2017474,300,1181757,0.11,MEMX,12545
MULN,20250717 07:54:49.083000,2022200,100,1181857,0.11,EDGX,12545
MULN,20250717 07:54:49.747000,2022380,100,1181957,0.11,EDGX,12545
MULN,20250717 07:54:49.747000,2022381,37,1181994,0.11,EDGX,12545
MULN,20250717 07:55:06.213000,2025080,7,1182001,0.11,EDGX,12545
MULN,20250717 07:55:20.509000,2028537,2518,1184519,0.11,EDGX,12545
MULN,20250717 07:55:20.509000,2028538,4400,1188919,0.11,BATS,12545
MULN,20250717 07:55:20.510000,2028539,88,1189007,0.11,BATS,12545
MULN,20250717 07:55:20.510000,2028540,1000,1190007,0.11,BATS,12545
MULN,20250717 07:55:48.528000,2032840,600,1190607,0.11,NQEX,12545
MULN,20250717 07:55:48.529000,2032841,2400,1193007,0.11,NQEX,12545
MULN,20250717 07:55:48.530000,2032842,100,1193107,0.11,NQEX,12545
MULN,20250717 07:56:18.229000,2036840,888,1197595,0.11,BATS,12545
MULN,20250717 07:56:18.229000,2036841,912,1198507,0.11,BATS,12545
MULN,20250717 07:56:18.229000,2036839,2700,1196707,0.11,BATS,12545
MULN,20250717 07:56:18.229000,2036838,900,1194007,0.11,BATS,12545
MULN,20250717 07:59:40.462000,2061020,1,1198508,0.11,NQEX,12545
MULN,20250717 08:00:00.054000,2066249,115,1198623,0.11,NQNX,12545
MULN,20250717 08:00:00.055000,2066309,20,1198643,0.11,NQNX,12545
MULN,20250717 08:00:00.055000,2066316,20,1198663,0.11,NQNX,12545
MULN,20250717 08:00:00.062000,2066630,5895,1204558,0.11,NQNX,12545
MULN,20250717 08:00:00.113000,2070812,7000,1211558,0.11,NQNX,12545
MULN,20250717 08:00:00.116000,2071190,200,1211758,0.11,NQNX,12545
MULN,20250717 08:00:00.122000,2071787,300,1212058,0.11,NQNX,12545
MULN,20250717 08:00:00.125000,2072114,1307,1213365,0.11,NQNX,12545
MULN,20250717 08:00:00.127000,2072285,1986,1215351,0.11,NQNX,12545
MULN,20250717 08:00:00.135000,2073046,400,1215751,0.11,NQNX,12545
MULN,20250717 08:00:00.151000,2074557,23,1215774,0.11,NQNX,12545
MULN,20250717 08:00:00.164000,2075719,240,1216014,0.11,NQNX,12545
MULN,20250717 08:00:00.164000,2075725,200,1216214,0.11,NQNX,12545
MULN,20250717 08:00:00.184000,2077572,1300,1217514,0.11,NQNX,12545
MULN,20250717 08:00:00.198000,2078863,2628,1220142,0.11,NQNX,12545
MULN,20250717 08:00:00.214000,2080380,630,1220772,0.11,NQNX,12545
MULN,20250717 08:00:00.218000,2080668,4800,1225572,0.11,NQNX,12545
MULN,20250717 08:00:00.221000,2080978,2000,1227572,0.11,NQNX,12545
MULN,20250717 08:00:00.221000,2080984,100,1227672,0.11,NQNX,12545
MULN,20250717 08:00:00.225000,2081326,200,1228672,0.11,NQNX,12545
MULN,20250717 08:00:00.225000,2081325,300,1228472,0.11,NQNX,12545
MULN,20250717 08:00:00.225000,2081308,500,1228172,0.11,NQNX,12545
MULN,20250717 08:00:00.227000,2081546,2000,1230672,0.11,NQNX,12545
MULN,20250717 08:00:00.239000,2082683,1600,1232272,0.11,NQNX,12545
MULN,20250717 08:00:00.242000,2082980,33,1232305,0.11,NQNX,12545
MULN,20250717 08:00:00.247000,2083418,250,1232555,0.11,NQNX,12545
MULN,20250717 08:00:00.251000,2083795,300,1232855,0.11,NQNX,12545
MULN,20250717 08:00:00.260000,2084678,1,1232856,0.11,NQNX,12545
MULN,20250717 08:00:00.288000,2087221,81,1232964,0.11,NQNX,12545
MULN,20250717 08:00:00.288000,2087219,27,1232883,0.11,NQNX,12545
MULN,20250717 08:00:00.312000,2089311,525,1233489,0.11,NQNX,12545
MULN,20250717 08:00:00.317000,2089752,3200,1236689,0.11,NQNX,12545
MULN,20250717 08:00:00.319000,2089902,100,1236789,0.11,NQNX,12545
MULN,20250717 08:00:00.324000,2090364,2,1236791,0.11,NQNX,12545
MULN,20250717 08:00:00.329000,2090803,1857,1238648,0.11,NQNX,12545
MULN,20250717 08:00:00.340000,2091392,400,1239048,0.11,NQNX,12545
MULN,20250717 08:00:00.344000,2091569,300,1239348,0.11,NQNX,12545
MULN,20250717 08:00:00.356000,2091987,3150,1242548,0.11,NQNX,12545
MULN,20250717 08:00:00.356000,2091975,50,1239398,0.11,NQNX,12545
MULN,20250717 08:00:00.361000,2092128,5000,1247548,0.11,NQNX,12545
MULN,20250717 08:00:00.370000,2092383,5000,1252548,0.11,NQNX,12545
MULN,20250717 08:00:00.374000,2092578,290,1252838,0.11,NQNX,12545
MULN,20250717 08:00:00.392000,2093210,303,1253141,0.11,NQNX,12545
MULN,20250717 08:00:00.398000,2093380,1000,1254141,0.11,NQNX,12545
MULN,20250717 08:00:00.413000,2093987,2800,1256941,0.11,NQNX,12545
MULN,20250717 08:00:00.437000,2094959,150,1257091,0.11,NQNX,12545
MULN,20250717 08:00:00.453000,2095606,1000,1258091,0.11,NQNX,12545
MULN,20250717 08:00:00.460000,2095886,4,1258095,0.11,NQNX,12545
MULN,20250717 08:00:00.476000,2096612,4126,1262221,0.11,NQNX,12545
MULN,20250717 08:00:00.485000,2097083,800,1263021,0.11,NQNX,12545
MULN,20250717 08:00:00.504000,2097725,9,1263030,0.11,NQNX,12545
MULN,20250717 08:00:00.524000,2098624,100,1263130,0.11,NQNX,12545
MULN,20250717 08:00:00.531000,2099003,433,1263563,0.11,NQNX,12545
MULN,20250717 08:00:00.545000,2099490,997,1264560,0.11,NQNX,12545
MULN,20250717 08:00:00.547000,2099563,136,1264696,0.11,NQNX,12545
MULN,20250717 08:00:00.558000,2099932,200,1264896,0.11,NQNX,12545
MULN,20250717 08:00:00.560000,2099995,500,1265396,0.11,NQNX,12545
MULN,20250717 08:00:00.564000,2100219,20000,1285396,0.11,NQNX,12545
MULN,20250717 08:00:00.585000,2101095,500,1285896,0.11,NQNX,12545
MULN,20250717 08:00:00.591000,2101331,20,1285916,0.11,NQNX,12545
MULN,20250717 08:00:00.595000,2101499,500,1286416,0.11,NQNX,12545
MULN,20250717 08:00:00.600000,2101680,50,1286466,0.11,NQNX,12545
MULN,20250717 08:00:00.625000,2102673,5000,1291466,0.11,NQNX,12545
MULN,20250717 08:00:00.635000,2103112,10000,1301466,0.11,NQNX,12545
MULN,20250717 08:00:00.636000,2103185,5000,1306466,0.11,NQNX,12545
MULN,20250717 08:00:00.642000,2103466,1,1306467,0.11,NQNX,12545
MULN,20250717 08:00:00.647000,2103684,2550,1309017,0.11,NQNX,12545
MULN,20250717 08:00:00.647000,2103685,1508,1310525,0.11,NQNX,12545
MULN,20250717 08:00:00.657000,2104089,1000,1311525,0.11,NQNX,12545
MULN,20250717 08:00:00.664000,2104371,1,1311526,0.11,NQNX,12545
MULN,20250717 08:00:00.665000,2104425,1500,1313026,0.11,NQNX,12545
MULN,20250717 08:00:00.668000,2104574,1,1313027,0.11,NQNX,12545
MULN,20250717 08:00:00.671000,2104722,705,1313732,0.11,NQNX,12545
MULN,20250717 08:00:00.675000,2104921,52,1313959,0.11,NQNX,12545
MULN,20250717 08:00:00.675000,2104881,175,1313907,0.11,NQNX,12545
MULN,20250717 08:00:00.707000,2106219,8000,1321959,0.11,NQNX,12545
MULN,20250717 08:00:00.713000,2106505,999,1322958,0.11,NQNX,12545
MULN,20250717 08:00:00.721000,2106909,65,1323103,0.11,NQNX,12545
MULN,20250717 08:00:00.721000,2106899,80,1323038,0.11,NQNX,12545
MULN,20250717 08:00:00.739000,2107589,80,1323183,0.11,NQNX,12545
MULN,20250717 08:00:00.771000,2108881,2,1323185,0.11,NQNX,12545
MULN,20250717 08:00:00.781000,2109246,20000,1343185,0.11,NQNX,12545
MULN,20250717 08:00:00.794000,2109712,30000,1373185,0.11,NQNX,12545
MULN,20250717 08:00:00.810000,2110116,1000,1374185,0.11,NQNX,12545
MULN,20250717 08:00:00.820000,2110548,800,1374985,0.11,NQNX,12545
MULN,20250717 08:00:00.823000,2110670,445,1375430,0.11,NQNX,12545
MULN,20250717 08:00:00.830000,2110936,370,1375800,0.11,NQNX,12545
MULN,20250717 08:00:00.832000,2111056,2,1375802,0.11,NQNX,12545
MULN,20250717 08:00:00.835000,2111215,1000,1376802,0.11,NQNX,12545
MULN,20250717 08:00:00.842000,2111544,1000,1377802,0.11,NQNX,12545
MULN,20250717 08:00:00.848000,2111771,21,1377823,0.11,NQNX,12545
MULN,20250717 08:00:00.851000,2111941,300,1378123,0.11,NTRF,12545
MULN,20250717 08:00:00.858000,2112257,8,1378131,0.11,NQNX,12545
MULN,20250717 08:00:00.870000,2112781,1,1378132,0.11,NQNX,12545
MULN,20250717 08:00:00.872000,2112907,1,1378133,0.11,NQNX,12545
MULN,20250717 08:00:00.876000,2113080,1,1378134,0.11,NQNX,12545
MULN,20250717 08:00:00.878000,2113188,1,1378135,0.11,NQNX,12545
MULN,20250717 08:00:00.880000,2113291,1,1378136,0.11,NQNX,12545
MULN,20250717 08:00:00.886000,2113564,3900,1382036,0.11,NQNX,12545
MULN,20250717 08:00:00.886000,2113587,5000,1387036,0.11,NQNX,12545
MULN,20250717 08:00:00.901000,2114374,100,1387146,0.11,NQNX,12545
MULN,20250717 08:00:00.901000,2114337,10,1387046,0.11,NQNX,12545
MULN,20250717 08:00:00.902000,2114418,5,1387151,0.11,NQNX,12545
MULN,20250717 08:00:00.903000,2114443,5,1387156,0.11,NQNX,12545
MULN,20250717 08:00:00.903000,2114469,1,1387157,0.11,NQNX,12545
MULN,20250717 08:00:00.904000,2114508,5744,1392901,0.11,NQNX,12545
MULN,20250717 08:00:00.918000,2115038,2010,1394911,0.11,NQNX,12545
MULN,20250717 08:00:00.947000,2116522,1000,1395911,0.11,NQNX,12545
MULN,20250717 08:00:00.947000,2116528,530,1396441,0.11,NQNX,12545
MULN,20250717 08:00:00.948000,2116615,15,1396456,0.11,NQNX,12545
MULN,20250717 08:00:00.954000,2116887,260,1396716,0.11,NQNX,12545
MULN,20250717 08:00:00.957000,2117052,935,1397651,0.11,NQNX,12545
MULN,20250717 08:00:00.962000,2117295,500,1398151,0.11,NQNX,12545
MULN,20250717 08:00:00.967000,2117472,7,1398158,0.11,NQNX,12545
MULN,20250717 08:00:00.999000,2118889,50,1398208,0.11,NQNX,12545
MULN,20250717 08:00:01.014000,2119570,500,1398708,0.11,NQNX,12545
MULN,20250717 08:00:01.025000,2120082,800,1399508,0.11,NQNX,12545
MULN,20250717 08:00:01.042000,2120901,232,1399740,0.11,NTRF,12545
MULN,20250717 08:00:01.047000,2121123,10,1399750,0.11,NQNX,12545
MULN,20250717 08:00:01.051000,2121379,5,1399755,0.11,NQNX,12545
MULN,20250717 08:00:01.059000,2121801,1994,1401749,0.11,NTRF,12545
MULN,20250717 08:00:01.096000,2123662,8,1401757,0.11,NQNX,12545
MULN,20250717 08:00:01.107000,2124265,1,1401758,0.11,NQNX,12545
MULN,20250717 08:00:01.109000,2124376,1,1401759,0.11,NQNX,12545
MULN,20250717 08:00:01.115000,2124622,1,1401760,0.11,NQNX,12545
MULN,20250717 08:00:01.123000,2125128,69000,1470760,0.11,NTRF,12545
MULN,20250717 08:00:01.128000,2125332,1,1470761,0.11,NQNX,12545
MULN,20250717 08:00:01.157000,2126976,6500,1477261,0.11,NQNX,12545
MULN,20250717 08:00:01.204000,2129538,250,1477511,0.11,NQNX,12545
MULN,20250717 08:00:01.205000,2129629,10,1477521,0.11,NQNX,12545
MULN,20250717 08:00:01.216000,2130270,100,1477621,0.11,NQNX,12545
MULN,20250717 08:00:01.221000,2130494,2885,1480506,0.11,NTRF,12545
MULN,20250717 08:00:01.222000,2130520,15115,1495621,0.11,NTRF,12545
MULN,20250717 08:00:01.232000,2130944,130,1495751,0.11,NQNX,12545
MULN,20250717 08:00:01.233000,2130972,2000,1497751,0.11,NTRF,12545
MULN,20250717 08:00:01.241000,2131438,10,1497761,0.11,NQNX,12545
MULN,20250717 08:00:01.262000,2132486,100,1497861,0.11,NTRF,12545
MULN,20250717 08:00:01.265000,2132606,2000,1499861,0.11,NQNX,12545
MULN,20250717 08:00:01.301000,2134317,50,1499911,0.11,NQNX,12545
MULN,20250717 08:00:01.310000,2134807,100,1500011,0.11,NQNX,12545
MULN,20250717 08:00:01.311000,2134887,52,1500063,0.11,NQNX,12545
MULN,20250717 08:00:01.337000,2135941,47130,1547193,0.11,NQNX,12545
MULN,20250717 08:00:01.337000,2135956,2870,1550063,0.11,NQNX,12545
MULN,20250717 08:00:01.340000,2136051,100,1550163,0.11,NQNX,12545
MULN,20250717 08:00:01.343000,2136236,1000,1551163,0.1,NTRF,12545
MULN,20250717 08:00:01.348000,2136475,1000,1552163,0.11,NTRF,12545
MULN,20250717 08:00:01.352000,2136701,60,1552223,0.11,NQNX,12545
MULN,20250717 08:00:01.358000,2137027,180,1552403,0.1,NQNX,12545
MULN,20250717 08:00:01.385000,2138454,11,1552414,0.11,NQNX,12545
MULN,20250717 08:00:01.388000,2138555,10000,1562414,0.11,NTRF,12545
MULN,20250717 08:00:01.390000,2138668,5000,1567414,0.11,NQNX,12545
MULN,20250717 08:00:01.395000,2138958,20000,1587414,0.11,NQNX,12545
MULN,20250717 08:00:01.397000,2139046,10000,1597414,0.11,NQNX,12545
MULN,20250717 08:00:01.401000,2139230,1000,1598414,0.11,NQNX,12545
MULN,20250717 08:00:01.417000,2140036,1098,1599512,0.11,NQNX,12545
MULN,20250717 08:00:01.440000,2141134,100,1599612,0.11,NQNX,12545
MULN,20250717 08:00:01.440000,2141148,300,1599912,0.11,NQNX,12545
MULN,20250717 08:00:01.442000,2141269,200,1600112,0.11,NQNX,12545
MULN,20250717 08:00:01.449000,2141633,500,1600612,0.11,NQNX,12545
MULN,20250717 08:00:01.451000,2141757,2000,1602612,0.11,NTRF,12545
MULN,20250717 08:00:01.452000,2141820,500,1603112,0.11,NQNX,12545
MULN,20250717 08:00:01.461000,2142313,1450,1604562,0.11,NQNX,12545
MULN,20250717 08:00:01.464000,2142460,500,1605062,0.11,NQNX,12545
MULN,20250717 08:00:01.468000,2142608,1667,1606729,0.1,NTRF,12545
MULN,20250717 08:00:01.469000,2142691,50,1606779,0.11,NQNX,12545
MULN,20250717 08:00:01.469000,2142697,2760,1609539,0.11,NTRF,12545
MULN,20250717 08:00:01.510000,2144282,1200,1610739,0.11,NQNX,12545
MULN,20250717 08:00:01.511000,2144378,250,1610989,0.11,NQNX,12545
MULN,20250717 08:00:01.514000,2144558,2800,1613789,0.11,NTRF,12545
MULN,20250717 08:00:01.524000,2145084,2225,1616014,0.11,NTRF,12545
MULN,20250717 08:00:01.527000,2145256,200,1616214,0.11,NQNX,12545
MULN,20250717 08:00:01.534000,2145658,500,1616714,0.11,NQNX,12545
MULN,20250717 08:00:01.541000,2146041,399,1617113,0.11,NQNX,12545
MULN,20250717 08:00:01.553000,2146659,8956,1626069,0.11,NQNX,12545
MULN,20250717 08:00:01.560000,2146988,425,1626494,0.11,NQNX,12545
MULN,20250717 08:00:01.562000,2147132,1,1626495,0.11,NQNX,12545
MULN,20250717 08:00:01.578000,2147904,19,1626514,0.11,NQNX,12545
MULN,20250717 08:00:01.587000,2148348,5,1626519,0.11,NQNX,12545
MULN,20250717 08:00:01.592000,2148585,1,1626520,0.11,NQNX,12545
MULN,20250717 08:00:01.594000,2148736,5,1626525,0.11,NQNX,12545
MULN,20250717 08:00:01.599000,2148927,20,1626545,0.11,NQNX,12545
MULN,20250717 08:00:01.608000,2149409,2260,1628805,0.11,NTRF,12545
MULN,20250717 08:00:01.611000,2149617,6,1633351,0.11,NQNX,12545
MULN,20250717 08:00:01.611000,2149563,4540,1633345,0.11,NTRF,12545
MULN,20250717 08:00:01.613000,2149696,3000,1636351,0.11,NTRF,12545
MULN,20250717 08:00:01.614000,2149749,1,1636352,0.11,NQNX,12545
MULN,20250717 08:00:01.622000,2150120,18,1636370,0.11,NQNX,12545
MULN,20250717 08:00:01.627000,2150319,500,1636870,0.11,NQNX,12545
MULN,20250717 08:00:01.633000,2150665,2076,1638946,0.11,NQNX,12545
MULN,20250717 08:00:01.641000,2151023,125,1639071,0.11,NQNX,12545
MULN,20250717 08:00:01.641000,2151035,2485,1641556,0.11,NQNX,12545
MULN,20250717 08:00:01.661000,2152090,58,1641614,0.11,NQNX,12545
MULN,20250717 08:00:01.662000,2152128,2000,1643614,0.11,NQNX,12545
MULN,20250717 08:00:01.669000,2152428,4,1643618,0.11,NQNX,12545
MULN,20250717 08:00:01.674000,2152711,10,1643628,0.11,NQNX,12545
MULN,20250717 08:00:01.680000,2152970,2,1643630,0.11,NQNX,12545
MULN,20250717 08:00:01.702000,2154109,1661,1645291,0.11,NQNX,12545
MULN,20250717 08:00:01.727000,2155335,10,1645301,0.11,NQNX,12545
MULN,20250717 08:00:01.727000,2155347,340,1645641,0.11,NQNX,12545
MULN,20250717 08:00:01.743000,2156140,80,1645721,0.11,NQNX,12545
MULN,20250717 08:00:01.744000,2156180,1000,1646721,0.11,NQNX,12545
MULN,20250717 08:00:01.751000,2156546,3,1646724,0.11,NQNX,12545
MULN,20250717 08:00:01.757000,2156808,90,1646814,0.11,NQNX,12545
MULN,20250717 08:00:01.761000,2157043,22,1646836,0.11,NQNX,12545
MULN,20250717 08:00:01.764000,2157174,7660,1654496,0.11,NQNX,12545
MULN,20250717 08:00:01.769000,2157387,2,1654498,0.11,NQNX,12545
MULN,20250717 08:00:01.773000,2157629,175,1654673,0.11,NQNX,12545
MULN,20250717 08:00:01.774000,2157659,2400,1657073,0.11,NQNX,12545
MULN,20250717 08:00:01.779000,2157923,1000,1658073,0.11,NQNX,12545
MULN,20250717 08:00:01.783000,2158128,1647,1659720,0.11,NQNX,12545
MULN,20250717 08:00:01.790000,2158461,1,1659721,0.11,NQNX,12545
MULN,20250717 08:00:01.793000,2158609,66,1659787,0.11,NQNX,12545
MULN,20250717 08:00:01.795000,2158666,86,1659873,0.11,NQNX,12545
MULN,20250717 08:00:01.806000,2159190,60,1659933,0.11,NQNX,12545
MULN,20250717 08:00:01.820000,2159809,172,1660105,0.11,NQNX,12545
MULN,20250717 08:00:01.826000,2160111,1000,1661105,0.11,NQNX,12545
MULN,20250717 08:00:01.828000,2160185,200,1661305,0.11,NQNX,12545
MULN,20250717 08:00:01.836000,2160526,25,1661330,0.11,NQNX,12545
MULN,20250717 08:00:01.836000,2160538,50,1661380,0.11,NQNX,12545
MULN,20250717 08:00:01.846000,2161010,35,1661415,0.11,NQNX,12545
MULN,20250717 08:00:01.848000,2161090,2076,1663491,0.11,NQNX,12545
MULN,20250717 08:00:01.853000,2161375,40,1663531,0.11,NQNX,12545
MULN,20250717 08:00:01.863000,2161946,29,1663560,0.11,NQNX,12545
MULN,20250717 08:00:01.869000,2162266,340,1663900,0.11,NQNX,12545
MULN,20250717 08:00:01.898000,2163176,2240,1666140,0.11,NQNX,12545
MULN,20250717 08:00:01.916000,2163579,2000,1668140,0.11,NQNX,12545
MULN,20250717 08:00:02.077000,2166839,100,1668240,0.11,NQNX,12545
MULN,20250717 08:00:02.106000,2167409,100,1668340,0.11,NQNX,12545
MULN,20250717 08:00:02.170000,2168778,2000,1670340,0.11,NQNX,12545
MULN,20250717 08:00:02.217000,2169860,630,1670970,0.11,NQNX,12545
MULN,20250717 08:00:02.218000,2169869,4100,1675070,0.11,NQNX,12545
MULN,20250717 08:00:02.232000,2170269,5000,1680070,0.11,NQNX,12545
MULN,20250717 08:00:02.248000,2170718,1600,1681670,0.11,NQNX,12545
MULN,20250717 08:00:02.270000,2171262,1647,1683317,0.11,NQNX,12545
MULN,20250717 08:00:02.327000,2172794,250,1683567,0.11,NTRF,12545
MULN,20250717 08:00:02.344000,2173235,1,1683568,0.11,NQNX,12545
MULN,20250717 08:00:02.392000,2174363,500,1684068,0.11,NQNX,12545
MULN,20250717 08:00:02.405000,2174628,300,1684368,0.1,NQNX,12545
MULN,20250717 08:00:02.405000,2174637,700,1685068,0.1,NQNX,12545
MULN,20250717 08:00:02.453000,2175574,26,1685094,0.11,NQNX,12545
MULN,20250717 08:00:02.683000,2180280,300,1685394,0.11,NTRF,12545
MULN,20250717 08:00:02.696000,2180526,1,1685395,0.11,NQNX,12545
MULN,20250717 08:00:02.705000,2180723,20,1685415,0.11,NQNX,12545
MULN,20250717 08:00:02.783000,2182322,488,1685903,0.11,NQNX,12545
MULN,20250717 08:00:02.783000,2182324,2225,1688128,0.11,NQNX,12545
MULN,20250717 08:00:02.798000,2182595,1175,1689303,0.11,NTRF,12545
MULN,20250717 08:00:02.859000,2183933,1,1689304,0.11,NQNX,12545
MULN,20250717 08:00:02.898000,2184748,1,1689305,0.11,NQNX,12545
MULN,20250717 08:00:02.919000,2185227,1,1689306,0.11,NQNX,12545
MULN,20250717 08:00:02.957000,2186023,15,1689321,0.11,NQNX,12545
MULN,20250717 08:00:02.990000,2186755,2,1689323,0.11,NQNX,12545
MULN,20250717 08:00:03.073000,2188691,10000,1699323,0.11,NQNX,12545
MULN,20250717 08:00:03.127000,2189828,18,1699341,0.11,NQNX,12545
MULN,20250717 08:00:03.223000,2191864,2000,1701341,0.1,NQNX,12545
MULN,20250717 08:00:03.296000,2193363,1098,1702439,0.11,NQNX,12545
MULN,20250717 08:00:03.571000,2197612,2,1702441,0.11,NQNX,12545
MULN,20250717 08:00:03.581000,2197756,50,1702491,0.11,NQNX,12545
MULN,20250717 08:00:03.634000,2198442,100,1702591,0.11,NQNX,12545
MULN,20250717 08:00:03.754000,2200027,4555,1707146,0.11,NQNX,12545
MULN,20250717 08:00:03.775000,2200297,1,1707147,0.11,NQNX,12545
MULN,20250717 08:00:03.813000,2200788,95,1707571,0.11,NQNX,12545
MULN,20250717 08:00:03.813000,2200781,329,1707476,0.11,NQNX,12545
MULN,20250717 08:00:04.090000,2204283,10,1707581,0.11,NQNX,12545
MULN,20250717 08:00:04.105000,2204441,1700,1709281,0.11,NQNX,12545
MULN,20250717 08:00:04.105000,2204446,1000,1710281,0.11,NQNX,12545
MULN,20250717 08:00:04.139000,2204827,1659,1712018,0.11,NQNX,12545
MULN,20250717 08:00:04.139000,2204824,78,1710359,0.11,NQNX,12545
MULN,20250717 08:00:04.443000,2208117,98,1712116,0.11,NQNX,12545
MULN,20250717 08:00:04.455000,2208257,500,1712616,0.11,NQNX,12545
MULN,20250717 08:00:04.501000,2208826,81,1712697,0.11,NTRF,12545
MULN,20250717 08:00:04.509000,2208890,1,1712698,0.11,NQNX,12545
MULN,20250717 08:00:04.540000,2209236,147,1712845,0.1,NQNX,12545
MULN,20250717 08:00:04.569000,2209515,23189,1736034,0.1,NQNX,12545
MULN,20250717 08:00:04.615000,2210100,20,1736054,0.11,NQNX,12545
MULN,20250717 08:00:04.666000,2210640,2,1736056,0.11,NQNX,12545
MULN,20250717 08:00:04.725000,2211311,1,1736057,0.11,NQNX,12545
MULN,20250717 08:00:04.727000,2211324,563,1736620,0.11,NQNX,12545
MULN,20250717 08:00:04.816000,2212396,19000,1755620,0.11,NQNX,12545
MULN,20250717 08:00:04.822000,2212494,50,1755670,0.11,NQNX,12545
MULN,20250717 08:00:04.874000,2213084,95,1755765,0.11,NQNX,12545
MULN,20250717 08:00:04.905000,2213404,500,1756265,0.11,NQNX,12545
