SymbolId,CurrentTime,Index,Bid,BidSize,Ask,AskSize,BidCondition,AskCondition,BidExchange,AskExchange
MULN,20250717 04:00:05.204000,0,0.11,1,0.11,65,REGULAR,REGULAR,EDGX,10305
MULN,20250717 04:00:06.884000,0,0.11,1,0.11,65,REGULAR,REGULAR,EDGX,10305
MULN,20250717 04:00:23.365000,0,0.11,9,0.11,6,REGULAR,REGULAR,PACF,10305
MULN,20250717 04:00:23.365000,0,0.11,9,0.11,6,REGULAR,REGULAR,PACF,10305
MULN,20250717 04:00:23.365000,0,0.11,9,0.11,6,REGULAR,REGULAR,PACF,10305
MULN,20250717 04:00:35.624000,0,0.11,24,0.11,6,REGULAR,REGULAR,EDGX,10305
MULN,20250717 04:00:45.269000,0,0.11,24,0.11,6,REGULAR,REGULAR,EDGX,10305
MULN,20250717 04:00:47.650000,0,0.11,24,0.11,6,REGULAR,REGULAR,EDGX,10305
MULN,20250717 04:00:50.710000,0,0.11,24,0.11,6,REGULAR,REGULAR,EDGX,10305
MULN,20250717 04:00:50.710000,0,0.11,24,0.11,6,REGULAR,REGULAR,EDGX,10305
MULN,20250717 04:00:57.220000,0,0.11,24,0.11,25,REGULAR,REGULAR,EDGX,10305
MULN,20250717 04:01:00.379000,0,0.11,24,0.11,25,REGULAR,REGULAR,EDGX,10305
MULN,20250717 04:01:01.428000,0,0.11,24,0.11,25,REGULAR,REGULAR,EDGX,10305
MULN,20250717 04:01:05.300000,0,0.11,24,0.11,25,REGULAR,REGULAR,EDGX,10305
MULN,20250717 04:01:07.014000,0,0.11,24,0.11,25,REGULAR,REGULAR,EDGX,10305
MULN,20250717 04:01:07.632000,0,0.11,24,0.11,25,REGULAR,REGULAR,EDGX,10305
MULN,20250717 04:01:08.604000,0,0.11,23,0.11,25,REGULAR,REGULAR,EDGX,10305
MULN,20250717 04:01:08.622000,0,0.11,23,0.11,25,REGULAR,REGULAR,EDGX,10305
MULN,20250717 04:01:14.315000,0,0.11,73,0.11,24,REGULAR,REGULAR,EDGX,10241
MULN,20250717 04:01:18.801000,0,0.11,73,0.11,24,REGULAR,REGULAR,EDGX,10241
MULN,20250717 04:01:19.641000,0,0.11,73,0.11,24,REGULAR,REGULAR,EDGX,10241
MULN,20250717 04:01:21.417000,0,0.11,1,0.11,19,REGULAR,REGULAR,EDGX,10247
MULN,20250717 04:01:21.417000,0,0.11,1,0.11,19,REGULAR,REGULAR,EDGX,10247
MULN,20250717 04:01:21.417000,0,0.11,1,0.11,19,REGULAR,REGULAR,EDGX,10247
MULN,20250717 04:01:21.420000,0,0.11,3,0.11,14,REGULAR,REGULAR,EDGX,10247
MULN,20250717 04:01:21.420000,0,0.11,3,0.11,14,REGULAR,REGULAR,EDGX,10247
MULN,20250717 04:01:21.420000,0,0.11,3,0.11,14,REGULAR,REGULAR,EDGX,10247
MULN,20250717 04:01:21.423000,0,0.11,33,0.11,14,REGULAR,REGULAR,NQEX,10247
MULN,20250717 04:01:21.423000,0,0.11,33,0.11,14,REGULAR,REGULAR,NQEX,10247
MULN,20250717 04:01:21.426000,0,0.11,33,0.11,14,REGULAR,REGULAR,NQEX,10247
MULN,20250717 04:01:21.426000,0,0.11,33,0.11,14,REGULAR,REGULAR,NQEX,10247
MULN,20250717 04:01:21.427000,0,0.11,13,0.11,6,REGULAR,REGULAR,EDGX,10247
MULN,20250717 04:01:21.427000,0,0.11,13,0.11,6,REGULAR,REGULAR,EDGX,10247
MULN,20250717 04:01:21.427000,0,0.11,13,0.11,6,REGULAR,REGULAR,EDGX,10247
MULN,20250717 04:01:21.427000,0,0.11,13,0.11,6,REGULAR,REGULAR,EDGX,10247
MULN,20250717 04:01:21.427000,0,0.11,13,0.11,6,REGULAR,REGULAR,EDGX,10247
MULN,20250717 04:01:21.427000,0,0.11,13,0.11,6,REGULAR,REGULAR,EDGX,10247
MULN,20250717 04:01:21.427000,0,0.11,13,0.11,6,REGULAR,REGULAR,EDGX,10247
MULN,20250717 04:01:21.430000,0,0.11,13,0.11,6,REGULAR,REGULAR,PACF,10247
MULN,20250717 04:01:21.430000,0,0.11,13,0.11,6,REGULAR,REGULAR,PACF,10247
MULN,20250717 04:01:21.431000,0,0.11,13,0.11,6,REGULAR,REGULAR,EDGX,10247
MULN,20250717 04:01:21.433000,0,0.11,13,0.11,6,REGULAR,REGULAR,EDGX,10247
MULN,20250717 04:01:21.433000,0,0.11,13,0.11,6,REGULAR,REGULAR,EDGX,10247
MULN,20250717 04:01:21.435000,0,0.11,12,0.11,6,REGULAR,REGULAR,NQEX,10247
MULN,20250717 04:01:21.436000,0,0.11,26,0.11,6,REGULAR,REGULAR,NQEX,10247
MULN,20250717 04:01:21.438000,0,0.1,3,0.11,6,REGULAR,REGULAR,NQEX,10247
MULN,20250717 04:01:21.438000,0,0.1,3,0.11,6,REGULAR,REGULAR,NQEX,10247
MULN,20250717 04:01:21.441000,0,0.11,13,0.11,6,REGULAR,REGULAR,NQEX,10247
MULN,20250717 04:01:21.441000,0,0.11,13,0.11,6,REGULAR,REGULAR,NQEX,10247
MULN,20250717 04:01:21.444000,0,0.11,13,0.11,6,REGULAR,REGULAR,MEMX,10247
MULN,20250717 04:01:21.444000,0,0.11,13,0.11,6,REGULAR,REGULAR,MEMX,10247
MULN,20250717 04:01:21.447000,0,0.11,13,0.11,6,REGULAR,REGULAR,EDGX,10247
MULN,20250717 04:01:21.447000,0,0.11,13,0.11,6,REGULAR,REGULAR,EDGX,10247
MULN,20250717 04:01:21.449000,0,0.11,1,0.11,6,REGULAR,REGULAR,EDGX,10247
MULN,20250717 04:01:21.449000,0,0.11,1,0.11,6,REGULAR,REGULAR,EDGX,10247
MULN,20250717 04:01:21.452000,0,0.11,13,0.11,6,REGULAR,REGULAR,EDGX,10247
MULN,20250717 04:01:21.452000,0,0.11,13,0.11,6,REGULAR,REGULAR,EDGX,10247
MULN,20250717 04:01:21.455000,0,0.11,13,0.11,6,REGULAR,REGULAR,EDGX,10247
MULN,20250717 04:01:21.462000,0,0.1,3,0.11,6,REGULAR,REGULAR,NQEX,10247
MULN,20250717 04:01:22.113000,0,0.1,3,0.11,33,REGULAR,REGULAR,NQEX,10241
MULN,20250717 04:01:22.676000,0,0.1,3,0.11,33,REGULAR,REGULAR,NQEX,10241
MULN,20250717 04:01:25.775000,0,0.1,20,0.11,33,REGULAR,REGULAR,PACF,10241
MULN,20250717 04:01:25.775000,0,0.1,20,0.11,33,REGULAR,REGULAR,PACF,10241
MULN,20250717 04:01:27.414000,0,0.1,20,0.1,13,REGULAR,REGULAR,PACF,10247
MULN,20250717 04:01:29.244000,0,0.1,20,0.1,13,REGULAR,REGULAR,PACF,10247
MULN,20250717 04:01:36.976000,0,0.1,20,0.11,33,REGULAR,REGULAR,PACF,10241
MULN,20250717 04:01:37.046000,0,0.1,20,0.11,33,REGULAR,REGULAR,PACF,10241
MULN,20250717 04:01:37.364000,0,0.1,20,0.11,33,REGULAR,REGULAR,PACF,10241
MULN,20250717 04:01:37.365000,0,0.1,20,0.11,13,REGULAR,REGULAR,PACF,10241
MULN,20250717 04:01:37.365000,0,0.1,20,0.11,13,REGULAR,REGULAR,PACF,10241
MULN,20250717 04:01:38.375000,0,0.1,20,0.11,13,REGULAR,REGULAR,PACF,10241
MULN,20250717 04:01:39.817000,0,0.11,107,0.11,30,REGULAR,REGULAR,PACF,10247
MULN,20250717 04:01:39.817000,0,0.11,107,0.11,30,REGULAR,REGULAR,PACF,10247
MULN,20250717 04:01:39.817000,0,0.11,107,0.11,30,REGULAR,REGULAR,PACF,10247
MULN,20250717 04:01:41.837000,0,0.1,11,0.11,30,REGULAR,REGULAR,PACF,10247
MULN,20250717 04:01:41.837000,0,0.1,11,0.11,30,REGULAR,REGULAR,PACF,10247
MULN,20250717 04:01:43.943000,0,0.1,40,0.11,30,REGULAR,REGULAR,MEMX,10247
MULN,20250717 04:01:48.055000,0,0.11,3,0.11,30,REGULAR,REGULAR,PACF,10247
MULN,20250717 04:01:48.323000,0,0.11,3,0.11,30,REGULAR,REGULAR,PACF,10247
MULN,20250717 04:01:58.190000,0,0.11,12,0.11,30,REGULAR,REGULAR,PACF,10247
MULN,20250717 04:02:02.106000,0,0.11,12,0.11,30,REGULAR,REGULAR,PACF,10247
MULN,20250717 04:02:22.200000,0,0.11,2,0.11,30,REGULAR,REGULAR,EDGX,10247
MULN,20250717 04:02:24.551000,0,0.11,13,0.11,7,REGULAR,REGULAR,EDGX,10247
MULN,20250717 04:02:24.551000,0,0.11,13,0.11,7,REGULAR,REGULAR,EDGX,10247
MULN,20250717 04:02:24.551000,0,0.11,13,0.11,7,REGULAR,REGULAR,EDGX,10247
MULN,20250717 04:02:24.551000,0,0.11,13,0.11,7,REGULAR,REGULAR,EDGX,10247
MULN,20250717 04:02:24.551000,0,0.11,13,0.11,7,REGULAR,REGULAR,EDGX,10247
MULN,20250717 04:02:24.551000,0,0.11,13,0.11,7,REGULAR,REGULAR,EDGX,10247
MULN,20250717 04:02:24.551000,0,0.11,13,0.11,7,REGULAR,REGULAR,EDGX,10247
MULN,20250717 04:02:24.551000,0,0.11,13,0.11,7,REGULAR,REGULAR,EDGX,10247
MULN,20250717 04:02:24.551000,0,0.11,13,0.11,7,REGULAR,REGULAR,EDGX,10247
MULN,20250717 04:02:24.551000,0,0.11,13,0.11,7,REGULAR,REGULAR,EDGX,10247
MULN,20250717 04:02:25.040000,0,0.11,13,0.11,30,REGULAR,REGULAR,EDGX,10247
MULN,20250717 04:02:25.040000,0,0.11,13,0.11,30,REGULAR,REGULAR,EDGX,10247
MULN,20250717 04:02:26.568000,0,0.11,13,0.11,30,REGULAR,REGULAR,EDGX,10247
MULN,20250717 04:02:29.185000,0,0.11,23,0.11,30,REGULAR,REGULAR,EDGX,10247
MULN,20250717 04:02:35.587000,0,0.11,24,0.11,30,REGULAR,REGULAR,PACF,10247
MULN,20250717 04:02:42.779000,0,0.11,30,0.11,30,REGULAR,REGULAR,PACF,10247
MULN,20250717 04:02:42.779000,0,0.11,30,0.11,30,REGULAR,REGULAR,PACF,10247
MULN,20250717 04:03:16.424000,0,0.11,7,0.11,9,REGULAR,REGULAR,NQEX,10247
MULN,20250717 04:03:29.403000,0,0.11,18,0.11,8,REGULAR,REGULAR,PACF,10247
MULN,20250717 04:03:29.418000,0,0.11,1,0.11,30,REGULAR,REGULAR,PACF,10247
MULN,20250717 04:03:30.257000,0,0.11,19,0.11,30,REGULAR,REGULAR,PACF,10247
MULN,20250717 04:03:32.355000,0,0.11,7,0.11,4,REGULAR,REGULAR,NQEX,10247
MULN,20250717 04:03:32.355000,0,0.11,7,0.11,4,REGULAR,REGULAR,NQEX,10247
MULN,20250717 04:03:35.716000,0,0.11,6,0.11,4,REGULAR,REGULAR,PACF,10247
MULN,20250717 04:03:35.716000,0,0.11,6,0.11,4,REGULAR,REGULAR,PACF,10247
MULN,20250717 04:03:35.716000,0,0.11,6,0.11,4,REGULAR,REGULAR,PACF,10247
MULN,20250717 04:03:35.716000,0,0.11,6,0.11,4,REGULAR,REGULAR,PACF,10247
MULN,20250717 04:03:35.716000,0,0.11,6,0.11,4,REGULAR,REGULAR,PACF,10247
MULN,20250717 04:03:35.716000,0,0.11,6,0.11,4,REGULAR,REGULAR,PACF,10247
MULN,20250717 04:03:43.648000,0,0.11,3,0.11,30,REGULAR,REGULAR,PACF,10247
MULN,20250717 04:03:55.559000,0,0.11,75,0.11,30,REGULAR,REGULAR,PACF,10247
MULN,20250717 04:04:22.481000,0,0.11,25,0.11,30,REGULAR,REGULAR,EDGX,10247
MULN,20250717 04:04:27.755000,0,0.11,25,0.11,30,REGULAR,REGULAR,EDGX,10247
MULN,20250717 04:04:30.314000,0,0.11,25,0.11,30,REGULAR,REGULAR,EDGX,10247
MULN,20250717 04:04:38.068000,0,0.11,18,0.11,30,REGULAR,REGULAR,EDGX,10247
MULN,20250717 04:04:38.237000,0,0.11,18,0.11,30,REGULAR,REGULAR,EDGX,10247
MULN,20250717 04:04:45.940000,0,0.11,75,0.11,30,REGULAR,REGULAR,PACF,10247
MULN,20250717 04:04:45.940000,0,0.11,75,0.11,30,REGULAR,REGULAR,PACF,10247
MULN,20250717 04:04:45.941000,0,0.11,65,0.11,8,REGULAR,REGULAR,MEMX,10247
MULN,20250717 04:04:45.941000,0,0.11,65,0.11,8,REGULAR,REGULAR,MEMX,10247
MULN,20250717 04:04:45.941000,0,0.11,65,0.11,8,REGULAR,REGULAR,MEMX,10247
MULN,20250717 04:04:45.941000,0,0.11,65,0.11,8,REGULAR,REGULAR,MEMX,10247
MULN,20250717 04:04:45.941000,0,0.11,65,0.11,8,REGULAR,REGULAR,MEMX,10247
MULN,20250717 04:04:45.941000,0,0.11,65,0.11,8,REGULAR,REGULAR,MEMX,10247
MULN,20250717 04:04:45.941000,0,0.11,65,0.11,8,REGULAR,REGULAR,MEMX,10247
MULN,20250717 04:04:45.941000,0,0.11,65,0.11,8,REGULAR,REGULAR,MEMX,10247
MULN,20250717 04:04:45.941000,0,0.11,65,0.11,8,REGULAR,REGULAR,MEMX,10247
MULN,20250717 04:04:45.941000,0,0.11,65,0.11,8,REGULAR,REGULAR,MEMX,10247
MULN,20250717 04:04:45.941000,0,0.11,65,0.11,8,REGULAR,REGULAR,MEMX,10247
MULN,20250717 04:04:45.941000,0,0.11,65,0.11,8,REGULAR,REGULAR,MEMX,10247
MULN,20250717 04:04:45.941000,0,0.11,65,0.11,8,REGULAR,REGULAR,MEMX,10247
MULN,20250717 04:04:45.941000,0,0.11,65,0.11,8,REGULAR,REGULAR,MEMX,10247
MULN,20250717 04:04:50.025000,0,0.11,65,0.11,39,REGULAR,REGULAR,MEMX,10305
MULN,20250717 04:05:05.951000,0,0.11,6,0.11,30,REGULAR,REGULAR,PACF,10247
MULN,20250717 04:05:05.951000,0,0.11,6,0.11,30,REGULAR,REGULAR,PACF,10247
MULN,20250717 04:05:05.951000,0,0.11,6,0.11,30,REGULAR,REGULAR,PACF,10247
MULN,20250717 04:05:05.952000,0,0.11,6,0.11,30,REGULAR,REGULAR,PACF,10247
MULN,20250717 04:05:19.724000,0,0.11,65,0.11,5,REGULAR,REGULAR,MEMX,10247
MULN,20250717 04:05:19.724000,0,0.11,65,0.11,5,REGULAR,REGULAR,MEMX,10247
MULN,20250717 04:05:19.724000,0,0.11,65,0.11,5,REGULAR,REGULAR,MEMX,10247
MULN,20250717 04:05:19.724000,0,0.11,65,0.11,5,REGULAR,REGULAR,MEMX,10247
MULN,20250717 04:06:05.461000,0,0.11,65,0.11,30,REGULAR,REGULAR,MEMX,10247
MULN,20250717 04:06:05.461000,0,0.11,65,0.11,30,REGULAR,REGULAR,MEMX,10247
MULN,20250717 04:06:05.461000,0,0.11,65,0.11,30,REGULAR,REGULAR,MEMX,10247
MULN,20250717 04:06:05.461000,0,0.11,65,0.11,30,REGULAR,REGULAR,MEMX,10247
MULN,20250717 04:06:33.611000,0,0.11,65,0.11,30,REGULAR,REGULAR,MEMX,10247
MULN,20250717 04:07:02.577000,0,0.1,5,0.11,92,REGULAR,REGULAR,PACF,10305
MULN,20250717 04:07:02.577000,0,0.1,5,0.11,92,REGULAR,REGULAR,PACF,10305
MULN,20250717 04:07:02.577000,0,0.1,5,0.11,92,REGULAR,REGULAR,PACF,10305
MULN,20250717 04:07:02.577000,0,0.1,5,0.11,92,REGULAR,REGULAR,PACF,10305
MULN,20250717 04:07:02.577000,0,0.1,5,0.11,92,REGULAR,REGULAR,PACF,10305
MULN,20250717 04:07:02.577000,0,0.1,5,0.11,92,REGULAR,REGULAR,PACF,10305
MULN,20250717 04:07:02.577000,0,0.1,5,0.11,92,REGULAR,REGULAR,PACF,10305
MULN,20250717 04:07:02.577000,0,0.1,5,0.11,92,REGULAR,REGULAR,PACF,10305
MULN,20250717 04:07:02.578000,0,0.1,5,0.11,3,REGULAR,REGULAR,PACF,10247
MULN,20250717 04:07:02.578000,0,0.1,5,0.11,3,REGULAR,REGULAR,PACF,10247
MULN,20250717 04:07:23.180000,0,0.1,1,0.11,30,REGULAR,REGULAR,PACF,10247
MULN,20250717 04:07:23.180000,0,0.1,1,0.11,30,REGULAR,REGULAR,PACF,10247
MULN,20250717 04:07:23.180000,0,0.1,1,0.11,30,REGULAR,REGULAR,PACF,10247
MULN,20250717 04:07:57.847000,0,0.11,11,0.11,30,REGULAR,REGULAR,PACF,10247
MULN,20250717 04:08:01.242000,0,0.11,1,0.11,30,REGULAR,REGULAR,MEMX,10247
MULN,20250717 04:08:01.242000,0,0.11,1,0.11,30,REGULAR,REGULAR,MEMX,10247
MULN,20250717 04:08:01.242000,0,0.11,1,0.11,30,REGULAR,REGULAR,MEMX,10247
MULN,20250717 04:08:01.242000,0,0.11,1,0.11,30,REGULAR,REGULAR,MEMX,10247
MULN,20250717 04:08:26.544000,0,0.11,50,0.11,30,REGULAR,REGULAR,NQEX,10247
MULN,20250717 04:08:28.671000,0,0.11,50,0.11,30,REGULAR,REGULAR,NQEX,10247
MULN,20250717 04:08:38.557000,0,0.11,50,0.11,30,REGULAR,REGULAR,NQEX,10247
MULN,20250717 04:08:57.767000,0,0.11,50,0.11,30,REGULAR,REGULAR,NQEX,10247
MULN,20250717 04:08:57.767000,0,0.11,50,0.11,30,REGULAR,REGULAR,NQEX,10247
MULN,20250717 04:09:48.688000,0,0.1,5,0.11,115,REGULAR,REGULAR,PACF,10247
MULN,20250717 04:09:48.688000,0,0.1,5,0.11,115,REGULAR,REGULAR,PACF,10247
MULN,20250717 04:09:48.688000,0,0.1,5,0.11,115,REGULAR,REGULAR,PACF,10247
MULN,20250717 04:09:48.688000,0,0.1,5,0.11,115,REGULAR,REGULAR,PACF,10247
MULN,20250717 04:09:48.688000,0,0.1,5,0.11,115,REGULAR,REGULAR,PACF,10247
MULN,20250717 04:09:48.688000,0,0.1,5,0.11,115,REGULAR,REGULAR,PACF,10247
MULN,20250717 04:09:48.688000,0,0.1,5,0.11,115,REGULAR,REGULAR,PACF,10247
MULN,20250717 04:09:48.688000,0,0.1,5,0.11,115,REGULAR,REGULAR,PACF,10247
MULN,20250717 04:09:48.688000,0,0.1,5,0.11,115,REGULAR,REGULAR,PACF,10247
MULN,20250717 04:09:48.688000,0,0.1,5,0.11,115,REGULAR,REGULAR,PACF,10247
MULN,20250717 04:09:48.688000,0,0.1,5,0.11,115,REGULAR,REGULAR,PACF,10247
MULN,20250717 04:09:48.688000,0,0.1,5,0.11,115,REGULAR,REGULAR,PACF,10247
MULN,20250717 04:09:48.688000,0,0.1,5,0.11,115,REGULAR,REGULAR,PACF,10247
MULN,20250717 04:09:48.688000,0,0.1,5,0.11,115,REGULAR,REGULAR,PACF,10247
MULN,20250717 04:09:48.689000,0,0.11,1,0.11,4,REGULAR,REGULAR,PACF,10247
MULN,20250717 04:09:48.689000,0,0.11,1,0.11,4,REGULAR,REGULAR,PACF,10247
MULN,20250717 04:09:48.689000,0,0.11,1,0.11,4,REGULAR,REGULAR,PACF,10247
MULN,20250717 04:09:55.449000,0,0.11,10,0.11,30,REGULAR,REGULAR,MEMX,10247
MULN,20250717 04:09:56.365000,0,0.1,5,0.11,9,REGULAR,REGULAR,PACF,10247
MULN,20250717 04:09:56.365000,0,0.1,5,0.11,9,REGULAR,REGULAR,PACF,10247
MULN,20250717 04:09:56.366000,0,0.1,5,0.11,4,REGULAR,REGULAR,PACF,10247
MULN,20250717 04:10:08.199000,0,0.11,8,0.11,30,REGULAR,REGULAR,PACF,10247
MULN,20250717 04:10:09.265000,0,0.11,8,0.11,30,REGULAR,REGULAR,PACF,10247
MULN,20250717 04:10:33.996000,0,0.11,6,0.11,10,REGULAR,REGULAR,EDGX,10313
MULN,20250717 04:11:36.305000,0,0.1,1,0.11,2,REGULAR,REGULAR,EDGX,10247
MULN,20250717 04:11:36.305000,0,0.1,1,0.11,2,REGULAR,REGULAR,EDGX,10247
MULN,20250717 04:11:36.310000,0,0.1,5,0.11,148,REGULAR,REGULAR,PACF,10241
MULN,20250717 04:11:37.341000,0,0.1,5,0.11,148,REGULAR,REGULAR,PACF,10241
MULN,20250717 04:11:40.263000,0,0.1,5,0.11,148,REGULAR,REGULAR,PACF,10241
MULN,20250717 04:11:54.039000,0,0.1,5,0.11,146,REGULAR,REGULAR,PACF,10241
MULN,20250717 04:12:09.402000,0,0.1,5,0.11,108,REGULAR,REGULAR,PACF,10241
MULN,20250717 04:12:16.935000,0,0.1,5,0.11,108,REGULAR,REGULAR,PACF,10241
MULN,20250717 04:12:31.548000,0,0.1,5,0.11,239,REGULAR,REGULAR,PACF,10247
MULN,20250717 04:12:36.266000,0,0.1,5,0.11,239,REGULAR,REGULAR,PACF,10247
MULN,20250717 04:12:36.837000,0,0.1,5,0.1,107,REGULAR,REGULAR,PACF,10241
MULN,20250717 04:12:56.736000,0,0.1,5,0.1,106,REGULAR,REGULAR,PACF,10241
MULN,20250717 04:13:15.262000,0,0.1,5,0.1,56,REGULAR,REGULAR,PACF,10241
MULN,20250717 04:13:16.195000,0,0.1,5,0.1,44,REGULAR,REGULAR,PACF,10241
MULN,20250717 04:13:23.253000,0,0.1,4,0.1,44,REGULAR,REGULAR,PACF,10241
MULN,20250717 04:13:44.227000,0,0.1,2,0.1,239,REGULAR,REGULAR,PACF,10247
MULN,20250717 04:13:55.243000,0,0.1,1,0.1,101,REGULAR,REGULAR,PACF,10247
MULN,20250717 04:13:55.243000,0,0.1,1,0.1,101,REGULAR,REGULAR,PACF,10247
MULN,20250717 04:13:55.243000,0,0.1,1,0.1,101,REGULAR,REGULAR,PACF,10247
MULN,20250717 04:13:55.243000,0,0.1,1,0.1,101,REGULAR,REGULAR,PACF,10247
MULN,20250717 04:13:55.243000,0,0.1,1,0.1,101,REGULAR,REGULAR,PACF,10247
MULN,20250717 04:13:55.243000,0,0.1,1,0.1,101,REGULAR,REGULAR,PACF,10247
MULN,20250717 04:13:55.243000,0,0.1,1,0.1,101,REGULAR,REGULAR,PACF,10247
MULN,20250717 04:13:55.243000,0,0.1,1,0.1,101,REGULAR,REGULAR,PACF,10247
MULN,20250717 04:13:55.243000,0,0.1,1,0.1,101,REGULAR,REGULAR,PACF,10247
MULN,20250717 04:13:55.244000,0,0.1,1,0.1,94,REGULAR,REGULAR,PACF,10247
MULN,20250717 04:13:55.244000,0,0.1,1,0.1,94,REGULAR,REGULAR,PACF,10247
MULN,20250717 04:14:15.199000,0,0.1,10,0.1,13,REGULAR,REGULAR,EDGX,10247
MULN,20250717 04:14:15.199000,0,0.1,10,0.1,13,REGULAR,REGULAR,EDGX,10247
MULN,20250717 04:14:15.199000,0,0.1,10,0.1,13,REGULAR,REGULAR,EDGX,10247
MULN,20250717 04:14:15.199000,0,0.1,10,0.1,13,REGULAR,REGULAR,EDGX,10247
MULN,20250717 04:14:15.199000,0,0.1,10,0.1,13,REGULAR,REGULAR,EDGX,10247
MULN,20250717 04:14:15.199000,0,0.1,10,0.1,13,REGULAR,REGULAR,EDGX,10247
MULN,20250717 04:14:15.199000,0,0.1,10,0.1,13,REGULAR,REGULAR,EDGX,10247
MULN,20250717 04:14:15.199000,0,0.1,10,0.1,13,REGULAR,REGULAR,EDGX,10247
MULN,20250717 04:14:21.015000,0,0.1,10,0.1,44,REGULAR,REGULAR,EDGX,10241
MULN,20250717 04:14:21.582000,0,0.1,10,0.1,41,REGULAR,REGULAR,NQEX,10241
MULN,20250717 04:14:29.487000,0,0.1,10,0.1,40,REGULAR,REGULAR,NQEX,10241
MULN,20250717 04:14:29.807000,0,0.1,10,0.1,22,REGULAR,REGULAR,NQEX,10241
MULN,20250717 04:14:43.988000,0,0.1,10,0.1,2,REGULAR,REGULAR,NQEX,10241
MULN,20250717 04:14:54.734000,0,0.1,10,0.1,23,REGULAR,REGULAR,NQEX,10241
MULN,20250717 04:14:54.734000,0,0.1,10,0.1,23,REGULAR,REGULAR,NQEX,10241
MULN,20250717 04:14:59.398000,0,0.1,10,0.11,10,REGULAR,REGULAR,NQEX,10313
MULN,20250717 04:14:59.398000,0,0.1,10,0.11,10,REGULAR,REGULAR,NQEX,10313
MULN,20250717 04:14:59.399000,0,0.1,6,0.11,10,REGULAR,REGULAR,PACF,10313
MULN,20250717 04:15:32.191000,0,0.1,10,0.11,10,REGULAR,REGULAR,NQEX,10313
MULN,20250717 04:16:14.396000,0,0.11,2,0.11,10,REGULAR,REGULAR,PACF,10313
MULN,20250717 04:17:12.029000,0,0.1,5,0.11,1,REGULAR,REGULAR,EDGX,10247
MULN,20250717 04:17:12.033000,0,0.1,1,0.11,1,REGULAR,REGULAR,PACF,10247
MULN,20250717 04:17:12.037000,0,0.1,1,0.1,392,REGULAR,REGULAR,PACF,10241
MULN,20250717 04:17:12.844000,0,0.1,1,0.1,391,REGULAR,REGULAR,PACF,10241
MULN,20250717 04:17:30.087000,0,0.1,10,0.11,10,REGULAR,REGULAR,NQEX,10313
MULN,20250717 04:17:30.087000,0,0.1,10,0.11,10,REGULAR,REGULAR,NQEX,10313
MULN,20250717 04:17:30.087000,0,0.1,10,0.11,10,REGULAR,REGULAR,NQEX,10313
MULN,20250717 04:18:14.052000,0,0.1,2,0.11,10,REGULAR,REGULAR,PACF,10313
MULN,20250717 04:19:11.307000,0,0.1,19,0.11,10,REGULAR,REGULAR,NQEX,10313
MULN,20250717 04:19:23.199000,0,0.1,49,0.11,10,REGULAR,REGULAR,NQEX,10313
MULN,20250717 04:19:23.204000,0,0.1,10,0.11,10,REGULAR,REGULAR,NQEX,10313
MULN,20250717 04:19:23.204000,0,0.1,10,0.11,10,REGULAR,REGULAR,NQEX,10313
MULN,20250717 04:19:23.204000,0,0.1,10,0.11,10,REGULAR,REGULAR,NQEX,10313
MULN,20250717 04:19:23.208000,0,0.1,10,0.1,126,REGULAR,REGULAR,NQEX,10241
MULN,20250717 04:19:23.209000,0,0.1,10,0.1,98,REGULAR,REGULAR,NQEX,10241
MULN,20250717 04:19:23.209000,0,0.1,10,0.1,98,REGULAR,REGULAR,NQEX,10241
MULN,20250717 04:19:23.209000,0,0.1,10,0.1,98,REGULAR,REGULAR,NQEX,10241
MULN,20250717 04:19:27.398000,0,0.1,10,0.1,98,REGULAR,REGULAR,NQEX,10241
MULN,20250717 04:19:27.741000,0,0.1,10,0.1,97,REGULAR,REGULAR,NQEX,10241
MULN,20250717 04:19:29.111000,0,0.1,10,0.1,2,REGULAR,REGULAR,NQEX,10305
MULN,20250717 04:19:29.111000,0,0.1,10,0.1,2,REGULAR,REGULAR,NQEX,10305
MULN,20250717 04:19:33.959000,0,0.1,53,0.1,2,REGULAR,REGULAR,PACF,10305
MULN,20250717 04:19:41.422000,0,0.1,57,0.11,10,REGULAR,REGULAR,PACF,10313
MULN,20250717 04:19:46.230000,0,0.1,57,0.11,10,REGULAR,REGULAR,PACF,10313
MULN,20250717 04:20:07.627000,0,0.1,57,0.11,10,REGULAR,REGULAR,PACF,10313
MULN,20250717 04:20:29.329000,0,0.1,26,0.11,10,REGULAR,REGULAR,PACF,10313
MULN,20250717 04:20:29.329000,0,0.1,26,0.11,10,REGULAR,REGULAR,PACF,10313
MULN,20250717 04:20:29.329000,0,0.1,26,0.11,10,REGULAR,REGULAR,PACF,10313
MULN,20250717 04:21:17.164000,0,0.1,21,0.11,1,REGULAR,REGULAR,PACF,10313
MULN,20250717 04:22:20.081000,0,0.1,20,0.11,1,REGULAR,REGULAR,PACF,10313
MULN,20250717 04:22:34.128000,0,0.1,20,0.11,1,REGULAR,REGULAR,PACF,10313
MULN,20250717 04:23:18.941000,0,0.1,6,0.11,1,REGULAR,REGULAR,MEMX,10313
MULN,20250717 04:23:27.809000,0,0.1,50,0.11,1,REGULAR,REGULAR,NQEX,10313
MULN,20250717 04:23:27.809000,0,0.1,50,0.11,1,REGULAR,REGULAR,NQEX,10313
MULN,20250717 04:23:27.809000,0,0.1,50,0.11,1,REGULAR,REGULAR,NQEX,10313
MULN,20250717 04:23:27.809000,0,0.1,50,0.11,1,REGULAR,REGULAR,NQEX,10313
MULN,20250717 04:23:27.809000,0,0.1,50,0.11,1,REGULAR,REGULAR,NQEX,10313
MULN,20250717 04:23:27.809000,0,0.1,50,0.11,1,REGULAR,REGULAR,NQEX,10313
MULN,20250717 04:23:27.809000,0,0.1,50,0.11,1,REGULAR,REGULAR,NQEX,10313
MULN,20250717 04:23:51.901000,0,0.1,68,0.11,1,REGULAR,REGULAR,NQEX,10313
MULN,20250717 04:24:04.518000,0,0.1,68,0.11,1,REGULAR,REGULAR,NQEX,10313
MULN,20250717 04:24:17.138000,0,0.1,68,0.11,1,REGULAR,REGULAR,NQEX,10313
MULN,20250717 04:25:21.895000,0,0.1,47,0.11,10,REGULAR,REGULAR,EDGX,10313
MULN,20250717 04:26:10.822000,0,0.1,138,0.11,9,REGULAR,REGULAR,NQEX,10247
MULN,20250717 04:26:10.822000,0,0.1,138,0.11,9,REGULAR,REGULAR,NQEX,10247
MULN,20250717 04:26:15.286000,0,0.1,138,0.11,9,REGULAR,REGULAR,NQEX,10247
MULN,20250717 04:26:30.845000,0,0.1,4,0.11,10,REGULAR,REGULAR,NQEX,10313
MULN,20250717 04:26:45.289000,0,0.1,4,0.11,10,REGULAR,REGULAR,NQEX,10313
MULN,20250717 04:27:12.954000,0,0.1,4,0.11,10,REGULAR,REGULAR,NQEX,10313
MULN,20250717 04:27:27.833000,0,0.1,4,0.11,10,REGULAR,REGULAR,NQEX,10313
MULN,20250717 04:27:35.019000,0,0.1,4,0.11,10,REGULAR,REGULAR,NQEX,10313
MULN,20250717 04:27:43.228000,0,0.1,22,0.11,11,REGULAR,REGULAR,PACF,10247
MULN,20250717 04:27:43.228000,0,0.1,22,0.11,11,REGULAR,REGULAR,PACF,10247
MULN,20250717 04:27:43.228000,0,0.1,22,0.11,11,REGULAR,REGULAR,PACF,10247
MULN,20250717 04:27:43.228000,0,0.1,22,0.11,11,REGULAR,REGULAR,PACF,10247
MULN,20250717 04:27:43.228000,0,0.1,22,0.11,11,REGULAR,REGULAR,PACF,10247
MULN,20250717 04:27:43.229000,0,0.1,10,0.11,5,REGULAR,REGULAR,NQEX,10247
MULN,20250717 04:27:43.229000,0,0.1,10,0.11,5,REGULAR,REGULAR,NQEX,10247
MULN,20250717 04:27:43.229000,0,0.1,10,0.11,5,REGULAR,REGULAR,NQEX,10247
MULN,20250717 04:27:43.229000,0,0.1,10,0.11,5,REGULAR,REGULAR,NQEX,10247
MULN,20250717 04:27:43.229000,0,0.1,10,0.11,5,REGULAR,REGULAR,NQEX,10247
MULN,20250717 04:27:43.229000,0,0.1,10,0.11,5,REGULAR,REGULAR,NQEX,10247
MULN,20250717 04:27:43.229000,0,0.1,10,0.11,5,REGULAR,REGULAR,NQEX,10247
MULN,20250717 04:27:43.229000,0,0.1,10,0.11,5,REGULAR,REGULAR,NQEX,10247
MULN,20250717 04:27:43.229000,0,0.1,10,0.11,5,REGULAR,REGULAR,NQEX,10247
MULN,20250717 04:27:43.229000,0,0.1,10,0.11,5,REGULAR,REGULAR,NQEX,10247
MULN,20250717 04:27:43.229000,0,0.1,10,0.11,5,REGULAR,REGULAR,NQEX,10247
MULN,20250717 04:27:43.229000,0,0.1,10,0.11,5,REGULAR,REGULAR,NQEX,10247
MULN,20250717 04:27:43.229000,0,0.1,10,0.11,5,REGULAR,REGULAR,NQEX,10247
MULN,20250717 04:27:43.229000,0,0.1,10,0.11,5,REGULAR,REGULAR,NQEX,10247
MULN,20250717 04:27:43.229000,0,0.1,10,0.11,5,REGULAR,REGULAR,NQEX,10247
MULN,20250717 04:27:43.229000,0,0.1,10,0.11,5,REGULAR,REGULAR,NQEX,10247
MULN,20250717 04:27:43.229000,0,0.1,10,0.11,5,REGULAR,REGULAR,NQEX,10247
MULN,20250717 04:27:43.229000,0,0.1,10,0.11,5,REGULAR,REGULAR,NQEX,10247
MULN,20250717 04:27:43.229000,0,0.1,10,0.11,5,REGULAR,REGULAR,NQEX,10247
MULN,20250717 04:27:43.229000,0,0.1,10,0.11,5,REGULAR,REGULAR,NQEX,10247
MULN,20250717 04:27:44.143000,0,0.1,10,0.1,210,REGULAR,REGULAR,NQEX,10305
MULN,20250717 04:27:47.963000,0,0.1,10,0.1,210,REGULAR,REGULAR,NQEX,10305
MULN,20250717 04:27:53.667000,0,0.1,10,0.1,210,REGULAR,REGULAR,NQEX,10305
MULN,20250717 04:27:54.714000,0,0.1,10,0.1,210,REGULAR,REGULAR,NQEX,10305
MULN,20250717 04:28:00.439000,0,0.1,10,0.1,202,REGULAR,REGULAR,NQEX,10305
MULN,20250717 04:28:13.345000,0,0.1,10,0.1,200,REGULAR,REGULAR,NQEX,10305
MULN,20250717 04:28:24.682000,0,0.1,10,0.1,200,REGULAR,REGULAR,NQEX,10305
MULN,20250717 04:28:24.682000,0,0.1,10,0.1,200,REGULAR,REGULAR,NQEX,10305
MULN,20250717 04:28:24.682000,0,0.1,10,0.1,200,REGULAR,REGULAR,NQEX,10305
MULN,20250717 04:28:31.348000,0,0.1,10,0.1,200,REGULAR,REGULAR,NQEX,10305
MULN,20250717 04:28:48.890000,0,0.1,10,0.11,10,REGULAR,REGULAR,NQEX,10313
MULN,20250717 04:28:48.890000,0,0.1,10,0.11,10,REGULAR,REGULAR,NQEX,10313
MULN,20250717 04:28:48.890000,0,0.1,10,0.11,10,REGULAR,REGULAR,NQEX,10313
MULN,20250717 04:28:48.891000,0,0.1,5,0.11,4,REGULAR,REGULAR,NQEX,10247
MULN,20250717 04:28:48.891000,0,0.1,5,0.11,4,REGULAR,REGULAR,NQEX,10247
MULN,20250717 04:28:48.891000,0,0.1,5,0.11,4,REGULAR,REGULAR,NQEX,10247
MULN,20250717 04:28:48.891000,0,0.1,5,0.11,4,REGULAR,REGULAR,NQEX,10247
MULN,20250717 04:28:48.891000,0,0.1,5,0.11,4,REGULAR,REGULAR,NQEX,10247
MULN,20250717 04:28:48.891000,0,0.1,5,0.11,4,REGULAR,REGULAR,NQEX,10247
MULN,20250717 04:28:48.891000,0,0.1,5,0.11,4,REGULAR,REGULAR,NQEX,10247
MULN,20250717 04:28:48.892000,0,0.1,10,0.1,4,REGULAR,REGULAR,NQEX,10247
MULN,20250717 04:28:48.892000,0,0.1,10,0.1,4,REGULAR,REGULAR,NQEX,10247
MULN,20250717 04:28:48.892000,0,0.1,10,0.1,4,REGULAR,REGULAR,NQEX,10247
MULN,20250717 04:28:48.892000,0,0.1,10,0.1,4,REGULAR,REGULAR,NQEX,10247
MULN,20250717 04:28:48.892000,0,0.1,10,0.1,4,REGULAR,REGULAR,NQEX,10247
MULN,20250717 04:28:48.892000,0,0.1,10,0.1,4,REGULAR,REGULAR,NQEX,10247
MULN,20250717 04:28:48.892000,0,0.1,10,0.1,4,REGULAR,REGULAR,NQEX,10247
MULN,20250717 04:28:48.892000,0,0.1,10,0.1,4,REGULAR,REGULAR,NQEX,10247
MULN,20250717 04:28:48.893000,0,0.1,10,0.1,4,REGULAR,REGULAR,NQEX,10247
MULN,20250717 04:29:09.333000,0,0.1,10,0.11,10,REGULAR,REGULAR,NQEX,10313
MULN,20250717 04:29:11.181000,0,0.1,10,0.11,3,REGULAR,REGULAR,NQEX,10247
MULN,20250717 04:29:11.194000,0,0.1,10,0.1,8,REGULAR,REGULAR,NQEX,10247
MULN,20250717 04:29:11.195000,0,0.1,10,0.11,10,REGULAR,REGULAR,NQEX,10313
MULN,20250717 04:29:34.651000,0,0.1,10,0.1,1,REGULAR,REGULAR,NQEX,10305
MULN,20250717 04:29:34.651000,0,0.1,10,0.1,1,REGULAR,REGULAR,NQEX,10305
MULN,20250717 04:29:34.652000,0,0.1,10,0.11,2,REGULAR,REGULAR,NQEX,10247
MULN,20250717 04:29:45.008000,0,0.1,10,0.1,21,REGULAR,REGULAR,NQEX,10247
MULN,20250717 04:29:45.009000,0,0.1,10,0.1,4,REGULAR,REGULAR,NQEX,10247
MULN,20250717 04:29:51.447000,0,0.1,10,0.1,1,REGULAR,REGULAR,NQEX,10247
MULN,20250717 04:29:58.172000,0,0.1,10,0.1,1,REGULAR,REGULAR,NQEX,10247
MULN,20250717 04:30:01.935000,0,0.1,10,0.1,45,REGULAR,REGULAR,NQEX,10247
MULN,20250717 04:30:01.935000,0,0.1,10,0.1,45,REGULAR,REGULAR,NQEX,10247
MULN,20250717 04:30:08.836000,0,0.1,10,0.1,45,REGULAR,REGULAR,NQEX,10247
MULN,20250717 04:30:21.940000,0,0.1,10,0.1,44,REGULAR,REGULAR,NQEX,10247
MULN,20250717 04:30:36.087000,0,0.1,10,0.1,43,REGULAR,REGULAR,NQEX,10247
MULN,20250717 04:30:41.973000,0,0.1,100,0.1,3,REGULAR,REGULAR,NQEX,10247
MULN,20250717 04:30:41.973000,0,0.1,100,0.1,3,REGULAR,REGULAR,NQEX,10247
MULN,20250717 04:30:41.973000,0,0.1,100,0.1,3,REGULAR,REGULAR,NQEX,10247
MULN,20250717 04:30:41.973000,0,0.1,100,0.1,3,REGULAR,REGULAR,NQEX,10247
MULN,20250717 04:30:41.973000,0,0.1,100,0.1,3,REGULAR,REGULAR,NQEX,10247
MULN,20250717 04:30:41.974000,0,0.1,10,0.11,3,REGULAR,REGULAR,NQEX,10247
MULN,20250717 04:30:56.427000,0,0.1,1,0.11,20,REGULAR,REGULAR,EDGX,10313
MULN,20250717 04:31:43.291000,0,0.1,1,0.11,4,REGULAR,REGULAR,NQEX,10247
MULN,20250717 04:32:10.120000,0,0.1,1,0.11,20,REGULAR,REGULAR,NQEX,10313
MULN,20250717 04:32:10.211000,0,0.1,1,0.11,20,REGULAR,REGULAR,NQEX,10313
MULN,20250717 04:32:18.293000,0,0.1,1,0.11,20,REGULAR,REGULAR,NQEX,10313
MULN,20250717 04:32:19.839000,0,0.1,1,0.11,20,REGULAR,REGULAR,NQEX,10313
MULN,20250717 04:32:21.704000,0,0.1,1,0.11,20,REGULAR,REGULAR,NQEX,10313
MULN,20250717 04:32:22.066000,0,0.1,1,0.11,20,REGULAR,REGULAR,NQEX,10313
MULN,20250717 04:32:23.162000,0,0.1,1,0.11,20,REGULAR,REGULAR,NQEX,10313
MULN,20250717 04:32:24.279000,0,0.1,1,0.11,20,REGULAR,REGULAR,NQEX,10313
MULN,20250717 04:32:24.662000,0,0.1,1,0.11,20,REGULAR,REGULAR,NQEX,10313
MULN,20250717 04:32:29.577000,0,0.1,430,0.11,20,REGULAR,REGULAR,NQEX,10313
MULN,20250717 04:32:33.702000,0,0.1,21,0.11,20,REGULAR,REGULAR,PACF,10313
MULN,20250717 04:32:54.664000,0,0.1,430,0.11,20,REGULAR,REGULAR,NQEX,10313
MULN,20250717 04:33:04.382000,0,0.1,430,0.11,138,REGULAR,REGULAR,NQEX,10241
MULN,20250717 04:33:04.382000,0,0.1,430,0.11,138,REGULAR,REGULAR,NQEX,10241
MULN,20250717 04:33:20.207000,0,0.11,5,0.11,136,REGULAR,REGULAR,PACF,10305
MULN,20250717 04:33:20.209000,0,0.11,5,0.11,136,REGULAR,REGULAR,PACF,10305
MULN,20250717 04:33:36.709000,0,0.1,3,0.11,2,REGULAR,REGULAR,PACF,10247
MULN,20250717 04:33:36.709000,0,0.1,3,0.11,2,REGULAR,REGULAR,PACF,10247
MULN,20250717 04:33:36.709000,0,0.1,3,0.11,2,REGULAR,REGULAR,PACF,10247
MULN,20250717 04:33:46.429000,0,0.1,3,0.11,136,REGULAR,REGULAR,PACF,10305
MULN,20250717 04:33:49.076000,0,0.1,3,0.11,136,REGULAR,REGULAR,PACF,10305
MULN,20250717 04:34:00.122000,0,0.1,3,0.11,136,REGULAR,REGULAR,PACF,10305
MULN,20250717 04:34:12.748000,0,0.1,3,0.11,136,REGULAR,REGULAR,PACF,10305
MULN,20250717 04:34:46.809000,0,0.1,3,0.11,136,REGULAR,REGULAR,PACF,10305
MULN,20250717 04:35:00.092000,0,0.1,3,0.11,136,REGULAR,REGULAR,PACF,10305
MULN,20250717 04:35:45.257000,0,0.1,3,0.11,136,REGULAR,REGULAR,PACF,10305
MULN,20250717 04:35:57.380000,0,0.1,1,0.11,136,REGULAR,REGULAR,PACF,10305
MULN,20250717 04:36:58.977000,0,0.1,29,0.11,136,REGULAR,REGULAR,EDGX,10305
MULN,20250717 04:36:58.977000,0,0.1,29,0.11,136,REGULAR,REGULAR,EDGX,10305
MULN,20250717 04:36:58.977000,0,0.1,29,0.11,136,REGULAR,REGULAR,EDGX,10305
MULN,20250717 04:36:58.977000,0,0.1,29,0.11,136,REGULAR,REGULAR,EDGX,10305
MULN,20250717 04:36:58.977000,0,0.1,29,0.11,136,REGULAR,REGULAR,EDGX,10305
MULN,20250717 04:36:58.977000,0,0.1,29,0.11,136,REGULAR,REGULAR,EDGX,10305
MULN,20250717 04:37:49.178000,0,0.1,50,0.11,136,REGULAR,REGULAR,PACF,10305
MULN,20250717 04:37:49.179000,0,0.1,50,0.11,135,REGULAR,REGULAR,PACF,10305
MULN,20250717 04:37:57.102000,0,0.1,1,0.11,135,REGULAR,REGULAR,PACF,10305
MULN,20250717 04:38:00.514000,0,0.1,1,0.11,135,REGULAR,REGULAR,PACF,10305
MULN,20250717 04:38:09.629000,0,0.1,1,0.11,135,REGULAR,REGULAR,PACF,10305
MULN,20250717 04:38:09.629000,0,0.1,1,0.11,135,REGULAR,REGULAR,PACF,10305
MULN,20250717 04:38:28.372000,0,0.1,32,0.11,135,REGULAR,REGULAR,PACF,10305
MULN,20250717 04:38:28.372000,0,0.1,32,0.11,135,REGULAR,REGULAR,PACF,10305
MULN,20250717 04:38:40.864000,0,0.1,32,0.11,135,REGULAR,REGULAR,PACF,10305
MULN,20250717 04:39:04.508000,0,0.1,29,0.11,135,REGULAR,REGULAR,EDGX,10305
MULN,20250717 04:39:08.198000,0,0.1,29,0.11,1,REGULAR,REGULAR,EDGX,10305
MULN,20250717 04:39:21.575000,0,0.1,29,0.11,1,REGULAR,REGULAR,EDGX,10305
MULN,20250717 04:40:14.164000,0,0.11,10,0.11,135,REGULAR,REGULAR,EDGX,10247
MULN,20250717 04:40:39.053000,0,0.11,8,0.11,135,REGULAR,REGULAR,NQEX,10247
MULN,20250717 04:41:05.239000,0,0.11,8,0.11,135,REGULAR,REGULAR,NQEX,10247
MULN,20250717 04:41:20.263000,0,0.11,8,0.11,135,REGULAR,REGULAR,NQEX,10247
MULN,20250717 04:41:41.252000,0,0.11,8,0.11,135,REGULAR,REGULAR,NQEX,10247
MULN,20250717 04:41:51.348000,0,0.11,8,0.11,1,REGULAR,REGULAR,NQEX,10305
MULN,20250717 04:42:11.058000,0,0.11,10,0.11,7,REGULAR,REGULAR,EDGX,10300
MULN,20250717 04:42:11.058000,0,0.11,10,0.11,7,REGULAR,REGULAR,EDGX,10300
MULN,20250717 04:42:11.497000,0,0.11,10,0.11,7,REGULAR,REGULAR,EDGX,10300
MULN,20250717 04:42:20.090000,0,0.11,10,0.11,1,REGULAR,REGULAR,EDGX,10247
MULN,20250717 04:42:32.234000,0,0.11,10,0.11,6,REGULAR,REGULAR,EDGX,10305
MULN,20250717 04:42:41.265000,0,0.11,10,0.11,6,REGULAR,REGULAR,EDGX,10305
MULN,20250717 04:43:06.591000,0,0.11,10,0.11,6,REGULAR,REGULAR,EDGX,10305
MULN,20250717 04:43:31.693000,0,0.11,10,0.11,64,REGULAR,REGULAR,EDGX,10247
MULN,20250717 04:43:33.068000,0,0.11,10,0.11,6,REGULAR,REGULAR,EDGX,10305
MULN,20250717 04:43:33.069000,0,0.11,10,0.11,6,REGULAR,REGULAR,EDGX,10305
MULN,20250717 04:43:33.075000,0,0.11,10,0.11,1,REGULAR,REGULAR,EDGX,10247
MULN,20250717 04:43:33.077000,0,0.11,10,0.11,1,REGULAR,REGULAR,EDGX,10247
MULN,20250717 04:43:33.077000,0,0.11,10,0.11,1,REGULAR,REGULAR,EDGX,10247
MULN,20250717 04:43:33.078000,0,0.11,10,0.11,1,REGULAR,REGULAR,EDGX,10247
MULN,20250717 04:43:33.078000,0,0.11,10,0.11,1,REGULAR,REGULAR,EDGX,10247
MULN,20250717 04:43:33.085000,0,0.11,10,0.11,1,REGULAR,REGULAR,EDGX,10247
MULN,20250717 04:43:33.085000,0,0.11,10,0.11,1,REGULAR,REGULAR,EDGX,10247
MULN,20250717 04:43:33.088000,0,0.11,10,0.11,1,REGULAR,REGULAR,EDGX,10247
MULN,20250717 04:43:33.089000,0,0.11,10,0.11,1,REGULAR,REGULAR,EDGX,10247
MULN,20250717 04:43:33.095000,0,0.11,10,0.11,1,REGULAR,REGULAR,EDGX,10247
MULN,20250717 04:43:33.096000,0,0.11,10,0.11,1,REGULAR,REGULAR,EDGX,10247
MULN,20250717 04:43:33.101000,0,0.11,10,0.11,1,REGULAR,REGULAR,EDGX,10247
MULN,20250717 04:43:33.102000,0,0.11,10,0.11,1,REGULAR,REGULAR,EDGX,10247
MULN,20250717 04:43:33.107000,0,0.11,10,0.11,1,REGULAR,REGULAR,EDGX,10247
MULN,20250717 04:43:33.108000,0,0.11,10,0.11,1,REGULAR,REGULAR,EDGX,10247
MULN,20250717 04:43:33.113000,0,0.11,10,0.11,1,REGULAR,REGULAR,EDGX,10247
MULN,20250717 04:43:33.113000,0,0.11,10,0.11,1,REGULAR,REGULAR,EDGX,10247
MULN,20250717 04:43:33.119000,0,0.11,10,0.11,1,REGULAR,REGULAR,EDGX,10247
MULN,20250717 04:43:33.119000,0,0.11,10,0.11,1,REGULAR,REGULAR,EDGX,10247
MULN,20250717 04:43:33.122000,0,0.11,10,0.11,1,REGULAR,REGULAR,EDGX,10247
MULN,20250717 04:43:33.123000,0,0.11,10,0.11,1,REGULAR,REGULAR,EDGX,10247
MULN,20250717 04:43:33.130000,0,0.11,10,0.11,1,REGULAR,REGULAR,EDGX,10247
MULN,20250717 04:43:33.130000,0,0.11,10,0.11,1,REGULAR,REGULAR,EDGX,10247
MULN,20250717 04:43:33.135000,0,0.11,10,0.11,1,REGULAR,REGULAR,EDGX,10247
MULN,20250717 04:43:33.135000,0,0.11,10,0.11,1,REGULAR,REGULAR,EDGX,10247
MULN,20250717 04:43:33.142000,0,0.11,10,0.11,1,REGULAR,REGULAR,EDGX,10247
MULN,20250717 04:43:33.143000,0,0.11,10,0.11,1,REGULAR,REGULAR,EDGX,10247
MULN,20250717 04:43:33.146000,0,0.11,10,0.11,1,REGULAR,REGULAR,EDGX,10247
MULN,20250717 04:43:33.147000,0,0.11,10,0.11,1,REGULAR,REGULAR,EDGX,10247
MULN,20250717 04:43:33.152000,0,0.11,10,0.11,1,REGULAR,REGULAR,EDGX,10247
MULN,20250717 04:43:33.152000,0,0.11,10,0.11,1,REGULAR,REGULAR,EDGX,10247
MULN,20250717 04:43:33.156000,0,0.11,10,0.11,1,REGULAR,REGULAR,EDGX,10247
MULN,20250717 04:43:33.156000,0,0.11,10,0.11,1,REGULAR,REGULAR,EDGX,10247
MULN,20250717 04:43:48.830000,0,0.11,10,0.11,46,REGULAR,REGULAR,EDGX,10247
MULN,20250717 04:43:54.839000,0,0.11,27,0.11,45,REGULAR,REGULAR,PACF,10247
MULN,20250717 04:43:59.912000,0,0.11,27,0.11,46,REGULAR,REGULAR,PACF,10247
MULN,20250717 04:44:21.291000,0,0.11,27,0.11,45,REGULAR,REGULAR,PACF,10247
MULN,20250717 04:44:45.942000,0,0.11,27,0.11,41,REGULAR,REGULAR,PACF,10247
MULN,20250717 04:44:59.282000,0,0.11,21,0.11,1,REGULAR,REGULAR,PACF,10305
MULN,20250717 04:45:04.045000,0,0.11,21,0.11,1,REGULAR,REGULAR,PACF,10305
MULN,20250717 04:45:04.045000,0,0.11,21,0.11,1,REGULAR,REGULAR,PACF,10305
MULN,20250717 04:45:18.175000,0,0.11,18,0.11,1,REGULAR,REGULAR,PACF,10305
MULN,20250717 04:45:35.907000,0,0.11,25,0.11,1,REGULAR,REGULAR,PACF,10305
MULN,20250717 04:46:14.366000,0,0.11,21,0.11,1,REGULAR,REGULAR,PACF,10305
MULN,20250717 04:46:30.322000,0,0.11,24,0.11,1,REGULAR,REGULAR,PACF,10305
MULN,20250717 04:46:30.322000,0,0.11,24,0.11,1,REGULAR,REGULAR,PACF,10305
MULN,20250717 04:46:30.322000,0,0.11,24,0.11,1,REGULAR,REGULAR,PACF,10305
MULN,20250717 04:46:34.659000,0,0.11,24,0.11,1,REGULAR,REGULAR,PACF,10305
MULN,20250717 04:47:49.259000,0,0.11,10,0.11,4,REGULAR,REGULAR,EDGX,10305
MULN,20250717 04:47:49.259000,0,0.11,10,0.11,4,REGULAR,REGULAR,EDGX,10305
MULN,20250717 04:47:49.259000,0,0.11,10,0.11,4,REGULAR,REGULAR,EDGX,10305
MULN,20250717 04:47:49.259000,0,0.11,10,0.11,4,REGULAR,REGULAR,EDGX,10305
MULN,20250717 04:47:50.667000,0,0.11,10,0.11,123,REGULAR,REGULAR,EDGX,10241
MULN,20250717 04:48:07.073000,0,0.11,236,0.11,4,REGULAR,REGULAR,PACF,10305
MULN,20250717 04:49:05.297000,0,0.11,2,0.11,4,REGULAR,REGULAR,PACF,10305
MULN,20250717 04:49:16.831000,0,0.11,10,0.11,20,REGULAR,REGULAR,EDGX,10247
MULN,20250717 04:49:20.641000,0,0.11,9,0.11,20,REGULAR,REGULAR,EDGX,10247
MULN,20250717 04:49:26.434000,0,0.11,9,0.11,20,REGULAR,REGULAR,EDGX,10247
MULN,20250717 04:49:48.874000,0,0.11,9,0.11,4,REGULAR,REGULAR,EDGX,10305
MULN,20250717 04:49:48.874000,0,0.11,9,0.11,4,REGULAR,REGULAR,EDGX,10305
MULN,20250717 04:49:48.874000,0,0.11,9,0.11,4,REGULAR,REGULAR,EDGX,10305
MULN,20250717 04:49:48.874000,0,0.11,9,0.11,4,REGULAR,REGULAR,EDGX,10305
MULN,20250717 04:49:48.875000,0,0.1,29,0.11,1,REGULAR,REGULAR,EDGX,10247
MULN,20250717 04:49:48.875000,0,0.1,29,0.11,1,REGULAR,REGULAR,EDGX,10247
MULN,20250717 04:50:22.873000,0,0.11,14,0.11,4,REGULAR,REGULAR,PACF,10305
MULN,20250717 04:51:22.079000,0,0.11,14,0.11,4,REGULAR,REGULAR,PACF,10305
MULN,20250717 04:51:54.192000,0,0.11,14,0.11,4,REGULAR,REGULAR,PACF,10305
MULN,20250717 04:51:57.923000,0,0.11,13,0.11,4,REGULAR,REGULAR,PACF,10305
MULN,20250717 04:52:34.841000,0,0.11,1,0.11,4,REGULAR,REGULAR,NQEX,10305
MULN,20250717 04:52:34.841000,0,0.11,1,0.11,4,REGULAR,REGULAR,NQEX,10305
MULN,20250717 04:52:34.842000,0,0.11,1,0.11,4,REGULAR,REGULAR,NQEX,10305
MULN,20250717 04:52:42.681000,0,0.11,1,0.11,4,REGULAR,REGULAR,NQEX,10305
MULN,20250717 04:53:08.319000,0,0.11,2,0.11,4,REGULAR,REGULAR,NQEX,10305
MULN,20250717 04:53:29.327000,0,0.11,2,0.11,4,REGULAR,REGULAR,NQEX,10305
MULN,20250717 04:54:10.270000,0,0.1,29,0.11,23,REGULAR,REGULAR,EDGX,10247
MULN,20250717 04:54:10.270000,0,0.1,29,0.11,23,REGULAR,REGULAR,EDGX,10247
MULN,20250717 04:54:22.671000,0,0.1,29,0.11,13,REGULAR,REGULAR,EDGX,10247
MULN,20250717 04:54:25.665000,0,0.1,29,0.11,4,REGULAR,REGULAR,EDGX,10305
MULN,20250717 04:54:42.199000,0,0.1,29,0.11,4,REGULAR,REGULAR,EDGX,10305
MULN,20250717 04:55:08.531000,0,0.1,29,0.11,4,REGULAR,REGULAR,EDGX,10305
MULN,20250717 04:57:40.988000,0,0.11,20,0.11,4,REGULAR,REGULAR,EDGX,10305
MULN,20250717 04:58:31.842000,0,0.11,1,0.11,4,REGULAR,REGULAR,PACF,10305
MULN,20250717 04:58:34.605000,0,0.11,1,0.11,4,REGULAR,REGULAR,PACF,10247
MULN,20250717 04:59:21.569000,0,0.11,20,0.11,5,REGULAR,REGULAR,EDGX,10247
MULN,20250717 04:59:21.569000,0,0.11,20,0.11,5,REGULAR,REGULAR,EDGX,10247
MULN,20250717 04:59:33.331000,0,0.11,20,0.11,1,REGULAR,REGULAR,EDGX,10247
MULN,20250717 04:59:33.331000,0,0.11,20,0.11,1,REGULAR,REGULAR,EDGX,10247
MULN,20250717 04:59:39.889000,0,0.11,20,0.11,4,REGULAR,REGULAR,EDGX,10305
MULN,20250717 04:59:39.889000,0,0.11,20,0.11,4,REGULAR,REGULAR,EDGX,10305
MULN,20250717 04:59:39.890000,0,0.11,20,0.11,4,REGULAR,REGULAR,EDGX,10305
MULN,20250717 04:59:44.769000,0,0.11,20,0.11,4,REGULAR,REGULAR,EDGX,10305
MULN,20250717 05:02:16.816000,0,0.11,50,0.11,4,REGULAR,REGULAR,EDGX,10305
MULN,20250717 05:02:32.526000,0,0.11,23,0.11,4,REGULAR,REGULAR,PACF,10305
MULN,20250717 05:02:56.104000,0,0.11,23,0.11,4,REGULAR,REGULAR,PACF,10305
MULN,20250717 05:02:56.196000,0,0.11,23,0.11,4,REGULAR,REGULAR,PACF,10305
MULN,20250717 05:03:50.344000,0,0.11,23,0.11,4,REGULAR,REGULAR,PACF,10305
MULN,20250717 05:03:54.529000,0,0.11,23,0.11,18,REGULAR,REGULAR,PACF,10247
MULN,20250717 05:04:22.246000,0,0.11,23,0.11,13,REGULAR,REGULAR,PACF,10247
MULN,20250717 05:04:25.415000,0,0.11,23,0.11,4,REGULAR,REGULAR,PACF,10305
MULN,20250717 05:04:25.415000,0,0.11,23,0.11,4,REGULAR,REGULAR,PACF,10305
MULN,20250717 05:05:05.936000,0,0.11,18,0.11,4,REGULAR,REGULAR,PACF,10305
MULN,20250717 05:05:16.155000,0,0.11,18,0.11,4,REGULAR,REGULAR,PACF,10305
MULN,20250717 05:06:23.873000,0,0.11,18,0.11,4,REGULAR,REGULAR,PACF,10305
MULN,20250717 05:06:43.497000,0,0.11,18,0.11,4,REGULAR,REGULAR,PACF,10305
MULN,20250717 05:06:43.497000,0,0.11,18,0.11,4,REGULAR,REGULAR,PACF,10305
MULN,20250717 05:06:43.497000,0,0.11,18,0.11,4,REGULAR,REGULAR,PACF,10305
MULN,20250717 05:06:45.583000,0,0.11,18,0.11,4,REGULAR,REGULAR,PACF,10305
MULN,20250717 05:09:12.879000,0,0.11,19,0.11,4,REGULAR,REGULAR,PACF,10305
MULN,20250717 05:09:12.879000,0,0.11,19,0.11,4,REGULAR,REGULAR,PACF,10305
MULN,20250717 05:09:40.457000,0,0.11,19,0.11,15,REGULAR,REGULAR,PACF,10247
MULN,20250717 05:09:40.457000,0,0.11,19,0.11,15,REGULAR,REGULAR,PACF,10247
MULN,20250717 05:09:40.458000,0,0.11,15,0.11,4,REGULAR,REGULAR,EDGX,10305
MULN,20250717 05:09:54.282000,0,0.11,14,0.11,4,REGULAR,REGULAR,EDGX,10305
MULN,20250717 05:10:06.943000,0,0.11,10,0.11,4,REGULAR,REGULAR,EDGX,10305
MULN,20250717 05:11:24.124000,0,0.11,19,0.11,20,REGULAR,REGULAR,PACF,10305
MULN,20250717 05:11:37.990000,0,0.11,19,0.11,20,REGULAR,REGULAR,PACF,10305
MULN,20250717 05:11:49.383000,0,0.11,19,0.11,20,REGULAR,REGULAR,PACF,10305
MULN,20250717 05:13:12.529000,0,0.11,1,0.11,20,REGULAR,REGULAR,PACF,10305
MULN,20250717 05:13:13.926000,0,0.11,1,0.11,20,REGULAR,REGULAR,PACF,10305
MULN,20250717 05:14:01.226000,0,0.11,1,0.11,20,REGULAR,REGULAR,PACF,10305
MULN,20250717 05:14:44.746000,0,0.11,1,0.11,3,REGULAR,REGULAR,PACF,10305
MULN,20250717 05:14:44.746000,0,0.11,1,0.11,3,REGULAR,REGULAR,PACF,10305
MULN,20250717 05:14:44.746000,0,0.11,1,0.11,3,REGULAR,REGULAR,PACF,10305
MULN,20250717 05:14:53.301000,0,0.11,1,0.11,3,REGULAR,REGULAR,PACF,10305
MULN,20250717 05:15:18.160000,0,0.11,1,0.11,3,REGULAR,REGULAR,PACF,10305
MULN,20250717 05:15:18.160000,0,0.11,1,0.11,3,REGULAR,REGULAR,PACF,10305
MULN,20250717 05:15:18.160000,0,0.11,1,0.11,3,REGULAR,REGULAR,PACF,10305
MULN,20250717 05:15:37.517000,0,0.11,1,0.11,2,REGULAR,REGULAR,PACF,10305
MULN,20250717 05:15:58.278000,0,0.11,1,0.11,51,REGULAR,REGULAR,PACF,10305
MULN,20250717 05:16:47.753000,0,0.11,1,0.11,50,REGULAR,REGULAR,PACF,10305
MULN,20250717 05:16:47.755000,0,0.11,3,0.11,50,REGULAR,REGULAR,PACF,10305
MULN,20250717 05:17:10.395000,0,0.11,3,0.11,50,REGULAR,REGULAR,PACF,10305
MULN,20250717 05:17:13.001000,0,0.11,3,0.11,50,REGULAR,REGULAR,PACF,10305
MULN,20250717 05:17:13.241000,0,0.11,3,0.11,50,REGULAR,REGULAR,PACF,10305
MULN,20250717 05:17:22.908000,0,0.11,3,0.11,50,REGULAR,REGULAR,PACF,10305
MULN,20250717 05:17:23.937000,0,0.11,3,0.11,45,REGULAR,REGULAR,PACF,10305
MULN,20250717 05:17:47.465000,0,0.11,1,0.11,45,REGULAR,REGULAR,PACF,10305
MULN,20250717 05:17:47.467000,0,0.11,1,0.11,45,REGULAR,REGULAR,PACF,10305
MULN,20250717 05:17:47.468000,0,0.11,5,0.11,45,REGULAR,REGULAR,EDGX,10305
MULN,20250717 05:17:47.468000,0,0.11,5,0.11,45,REGULAR,REGULAR,EDGX,10305
MULN,20250717 05:17:49.132000,0,0.11,5,0.11,45,REGULAR,REGULAR,EDGX,10305
MULN,20250717 05:17:51.038000,0,0.11,86,0.11,5,REGULAR,REGULAR,PACF,10305
MULN,20250717 05:17:51.038000,0,0.11,86,0.11,5,REGULAR,REGULAR,PACF,10305
MULN,20250717 05:17:51.040000,0,0.11,86,0.11,5,REGULAR,REGULAR,PACF,10305
MULN,20250717 05:17:51.040000,0,0.11,86,0.11,5,REGULAR,REGULAR,PACF,10305
MULN,20250717 05:20:29.508000,0,0.11,5,0.11,345,REGULAR,REGULAR,EDGX,10247
MULN,20250717 05:20:42.499000,0,0.11,5,0.11,355,REGULAR,REGULAR,EDGX,10247
MULN,20250717 05:20:48.051000,0,0.11,5,0.11,355,REGULAR,REGULAR,EDGX,10247
MULN,20250717 05:21:27.191000,0,0.11,5,0.11,345,REGULAR,REGULAR,EDGX,10247
MULN,20250717 05:21:50.691000,0,0.11,5,0.11,345,REGULAR,REGULAR,EDGX,10247
MULN,20250717 05:22:19.026000,0,0.11,5,0.11,345,REGULAR,REGULAR,EDGX,10247
MULN,20250717 05:22:21.764000,0,0.11,5,0.11,345,REGULAR,REGULAR,EDGX,10247
MULN,20250717 05:22:57.184000,0,0.11,5,0.11,345,REGULAR,REGULAR,EDGX,10247
MULN,20250717 05:23:35.323000,0,0.1,4,0.11,345,REGULAR,REGULAR,PACF,10247
MULN,20250717 05:23:35.323000,0,0.1,4,0.11,345,REGULAR,REGULAR,PACF,10247
MULN,20250717 05:24:01.155000,0,0.1,4,0.11,345,REGULAR,REGULAR,PACF,10247
MULN,20250717 05:24:15.162000,0,0.1,4,0.11,345,REGULAR,REGULAR,PACF,10247
MULN,20250717 05:24:15.162000,0,0.1,4,0.11,345,REGULAR,REGULAR,PACF,10247
MULN,20250717 05:24:15.162000,0,0.1,4,0.11,345,REGULAR,REGULAR,PACF,10247
MULN,20250717 05:24:15.162000,0,0.1,4,0.11,345,REGULAR,REGULAR,PACF,10247
MULN,20250717 05:24:15.162000,0,0.1,4,0.11,345,REGULAR,REGULAR,PACF,10247
MULN,20250717 05:24:52.281000,0,0.1,4,0.11,258,REGULAR,REGULAR,PACF,10247
MULN,20250717 05:24:53.284000,0,0.1,4,0.11,248,REGULAR,REGULAR,PACF,10247
MULN,20250717 05:24:59.872000,0,0.1,4,0.11,248,REGULAR,REGULAR,PACF,10247
MULN,20250717 05:25:22.411000,0,0.1,4,0.11,243,REGULAR,REGULAR,PACF,10247
MULN,20250717 05:25:25.714000,0,0.1,4,0.11,243,REGULAR,REGULAR,PACF,10247
MULN,20250717 05:25:29.640000,0,0.1,4,0.11,233,REGULAR,REGULAR,PACF,10247
MULN,20250717 05:25:34.186000,0,0.1,4,0.11,233,REGULAR,REGULAR,PACF,10247
MULN,20250717 05:25:35.635000,0,0.11,1,0.11,233,REGULAR,REGULAR,MEMX,10247
MULN,20250717 05:25:37.657000,0,0.11,1,0.11,233,REGULAR,REGULAR,MEMX,10247
MULN,20250717 05:25:38.276000,0,0.11,1,0.11,233,REGULAR,REGULAR,MEMX,10247
MULN,20250717 05:25:40.430000,0,0.11,1,0.11,233,REGULAR,REGULAR,MEMX,10247
MULN,20250717 05:25:42.388000,0,0.1,4,0.11,233,REGULAR,REGULAR,PACF,10247
MULN,20250717 05:25:42.647000,0,0.1,4,0.11,233,REGULAR,REGULAR,PACF,10247
MULN,20250717 05:25:44.082000,0,0.1,4,0.11,233,REGULAR,REGULAR,PACF,10247
MULN,20250717 05:25:46.227000,0,0.1,4,0.11,233,REGULAR,REGULAR,PACF,10247
MULN,20250717 05:25:54.206000,0,0.1,4,0.11,51,REGULAR,REGULAR,PACF,10247
MULN,20250717 05:25:54.206000,0,0.1,4,0.11,51,REGULAR,REGULAR,PACF,10247
MULN,20250717 05:25:54.206000,0,0.1,4,0.11,51,REGULAR,REGULAR,PACF,10247
MULN,20250717 05:25:54.207000,0,0.1,4,0.11,48,REGULAR,REGULAR,PACF,10247
MULN,20250717 05:25:58.649000,0,0.1,4,0.11,35,REGULAR,REGULAR,PACF,10247
MULN,20250717 05:26:01.104000,0,0.1,4,0.11,35,REGULAR,REGULAR,PACF,10247
MULN,20250717 05:26:03.747000,0,0.1,4,0.11,35,REGULAR,REGULAR,PACF,10247
MULN,20250717 05:26:05.747000,0,0.1,4,0.11,35,REGULAR,REGULAR,PACF,10247
MULN,20250717 05:26:08.292000,0,0.1,4,0.11,35,REGULAR,REGULAR,PACF,10247
MULN,20250717 05:26:08.762000,0,0.1,4,0.11,35,REGULAR,REGULAR,PACF,10247
MULN,20250717 05:26:10.947000,0,0.1,4,0.11,35,REGULAR,REGULAR,PACF,10247
MULN,20250717 05:26:14.664000,0,0.1,4,0.11,35,REGULAR,REGULAR,PACF,10247
MULN,20250717 05:26:16.224000,0,0.1,4,0.11,35,REGULAR,REGULAR,PACF,10247
MULN,20250717 05:26:17.929000,0,0.1,4,0.11,35,REGULAR,REGULAR,PACF,10247
MULN,20250717 05:26:19.058000,0,0.1,4,0.11,35,REGULAR,REGULAR,PACF,10247
MULN,20250717 05:26:20.465000,0,0.1,4,0.11,35,REGULAR,REGULAR,PACF,10247
MULN,20250717 05:26:58.970000,0,0.1,4,0.11,25,REGULAR,REGULAR,PACF,10247
MULN,20250717 05:27:04.349000,0,0.1,4,0.11,10,REGULAR,REGULAR,PACF,10247
MULN,20250717 05:27:58.623000,0,0.11,5,0.11,2,REGULAR,REGULAR,PACF,10305
MULN,20250717 05:27:58.623000,0,0.11,5,0.11,2,REGULAR,REGULAR,PACF,10305
MULN,20250717 05:32:55.790000,0,0.11,12,0.11,200,REGULAR,REGULAR,MEMX,10241
MULN,20250717 05:33:02.397000,0,0.11,11,0.11,200,REGULAR,REGULAR,MEMX,10241
MULN,20250717 05:33:09.657000,0,0.11,6,0.11,200,REGULAR,REGULAR,NQEX,10241
MULN,20250717 05:33:09.657000,0,0.11,6,0.11,200,REGULAR,REGULAR,NQEX,10241
MULN,20250717 05:33:09.658000,0,0.11,4,0.11,1,REGULAR,REGULAR,MEMX,10247
MULN,20250717 05:33:09.658000,0,0.11,4,0.11,1,REGULAR,REGULAR,MEMX,10247
MULN,20250717 05:33:09.658000,0,0.11,4,0.11,1,REGULAR,REGULAR,MEMX,10247
MULN,20250717 05:33:09.658000,0,0.11,4,0.11,1,REGULAR,REGULAR,MEMX,10247
MULN,20250717 05:33:09.658000,0,0.11,4,0.11,1,REGULAR,REGULAR,MEMX,10247
MULN,20250717 05:33:09.658000,0,0.11,4,0.11,1,REGULAR,REGULAR,MEMX,10247
MULN,20250717 05:33:09.661000,0,0.11,4,0.11,1,REGULAR,REGULAR,NQEX,10247
MULN,20250717 05:33:09.662000,0,0.11,7,0.11,1,REGULAR,REGULAR,PACF,10247
MULN,20250717 05:33:32.642000,0,0.11,43,0.11,2,REGULAR,REGULAR,EDGX,10305
MULN,20250717 05:33:43.938000,0,0.11,10,0.11,2,REGULAR,REGULAR,NQEX,10305
MULN,20250717 05:33:43.938000,0,0.11,10,0.11,2,REGULAR,REGULAR,NQEX,10305
MULN,20250717 05:33:43.938000,0,0.11,10,0.11,2,REGULAR,REGULAR,NQEX,10305
MULN,20250717 05:33:43.941000,0,0.11,2,0.11,1,REGULAR,REGULAR,EDGX,10247
MULN,20250717 05:33:43.943000,0,0.11,2,0.11,1,REGULAR,REGULAR,NQEX,10247
MULN,20250717 05:33:43.944000,0,0.11,10,0.11,1,REGULAR,REGULAR,NQEX,10247
MULN,20250717 05:33:43.945000,0,0.11,2,0.11,1,REGULAR,REGULAR,EDGX,10247
MULN,20250717 05:33:43.946000,0,0.11,10,0.11,1,REGULAR,REGULAR,NQEX,10247
MULN,20250717 05:33:43.947000,0,0.11,10,0.11,88,REGULAR,REGULAR,NQEX,10241
MULN,20250717 05:33:43.947000,0,0.11,10,0.11,88,REGULAR,REGULAR,NQEX,10241
MULN,20250717 05:33:43.949000,0,0.11,10,0.11,84,REGULAR,REGULAR,NQEX,10241
MULN,20250717 05:34:11.021000,0,0.11,10,0.11,2,REGULAR,REGULAR,NQEX,10305
MULN,20250717 05:34:16.994000,0,0.11,10,0.11,2,REGULAR,REGULAR,NQEX,10305
MULN,20250717 05:34:27.837000,0,0.11,1,0.11,58,REGULAR,REGULAR,PACF,10247
MULN,20250717 05:34:27.837000,0,0.11,1,0.11,58,REGULAR,REGULAR,PACF,10247
MULN,20250717 05:34:27.837000,0,0.11,1,0.11,58,REGULAR,REGULAR,PACF,10247
MULN,20250717 05:34:56.895000,0,0.11,1,0.11,58,REGULAR,REGULAR,PACF,10247
MULN,20250717 05:35:37.344000,0,0.11,28,0.11,58,REGULAR,REGULAR,PACF,10247
MULN,20250717 05:36:22.752000,0,0.11,74,0.11,81,REGULAR,REGULAR,PACF,10241
MULN,20250717 05:36:22.752000,0,0.11,74,0.11,81,REGULAR,REGULAR,PACF,10241
MULN,20250717 05:36:22.753000,0,0.11,28,0.11,81,REGULAR,REGULAR,PACF,10241
MULN,20250717 05:37:38.085000,0,0.11,27,0.11,81,REGULAR,REGULAR,PACF,10241
MULN,20250717 05:37:38.085000,0,0.11,27,0.11,81,REGULAR,REGULAR,PACF,10241
MULN,20250717 05:37:38.085000,0,0.11,27,0.11,81,REGULAR,REGULAR,PACF,10241
MULN,20250717 05:37:38.085000,0,0.11,27,0.11,81,REGULAR,REGULAR,PACF,10241
MULN,20250717 05:38:22.952000,0,0.11,27,0.11,81,REGULAR,REGULAR,PACF,10241
MULN,20250717 05:38:42.266000,0,0.11,27,0.11,81,REGULAR,REGULAR,PACF,10241
MULN,20250717 05:39:04.254000,0,0.11,27,0.11,81,REGULAR,REGULAR,PACF,10241
MULN,20250717 05:40:20.037000,0,0.11,179,0.11,81,REGULAR,REGULAR,PACF,10241
MULN,20250717 05:41:01.253000,0,0.11,179,0.11,84,REGULAR,REGULAR,PACF,10241
MULN,20250717 05:41:18.079000,0,0.11,179,0.11,10,REGULAR,REGULAR,PACF,10247
MULN,20250717 05:41:18.081000,0,0.11,179,0.11,84,REGULAR,REGULAR,PACF,10305
MULN,20250717 05:41:41.345000,0,0.11,179,0.11,10,REGULAR,REGULAR,PACF,10247
MULN,20250717 05:41:41.346000,0,0.11,27,0.11,13,REGULAR,REGULAR,PACF,10247
MULN,20250717 05:41:41.346000,0,0.11,27,0.11,13,REGULAR,REGULAR,PACF,10247
MULN,20250717 05:41:41.346000,0,0.11,27,0.11,13,REGULAR,REGULAR,PACF,10247
MULN,20250717 05:42:13.830000,0,0.11,5,0.11,81,REGULAR,REGULAR,EDGX,10241
MULN,20250717 05:42:37.338000,0,0.11,4,0.11,61,REGULAR,REGULAR,EDGX,10241
MULN,20250717 05:45:35.587000,0,0.11,9,0.11,81,REGULAR,REGULAR,PACF,10241
MULN,20250717 05:45:35.587000,0,0.11,9,0.11,81,REGULAR,REGULAR,PACF,10241
MULN,20250717 05:45:35.587000,0,0.11,9,0.11,81,REGULAR,REGULAR,PACF,10241
MULN,20250717 05:45:35.587000,0,0.11,9,0.11,81,REGULAR,REGULAR,PACF,10241
MULN,20250717 05:46:10.755000,0,0.11,9,0.11,1,REGULAR,REGULAR,PACF,10247
MULN,20250717 05:46:10.756000,0,0.11,10,0.11,1,REGULAR,REGULAR,NQEX,10247
MULN,20250717 05:46:10.756000,0,0.11,10,0.11,1,REGULAR,REGULAR,NQEX,10247
MULN,20250717 05:46:10.756000,0,0.11,10,0.11,1,REGULAR,REGULAR,NQEX,10247
MULN,20250717 05:46:10.756000,0,0.11,10,0.11,1,REGULAR,REGULAR,NQEX,10247
MULN,20250717 05:46:11.413000,0,0.11,10,0.11,38,REGULAR,REGULAR,NQEX,10247
MULN,20250717 05:47:47.138000,0,0.11,18,0.11,81,REGULAR,REGULAR,PACF,10241
MULN,20250717 05:47:47.138000,0,0.11,18,0.11,81,REGULAR,REGULAR,PACF,10241
MULN,20250717 05:47:47.139000,0,0.11,2,0.11,3,REGULAR,REGULAR,PACF,10247
MULN,20250717 05:48:22.588000,0,0.11,10,0.11,1,REGULAR,REGULAR,NQEX,10247
MULN,20250717 05:48:34.406000,0,0.11,10,0.11,47,REGULAR,REGULAR,NQEX,10247
MULN,20250717 05:49:21.485000,0,0.11,10,0.11,11,REGULAR,REGULAR,NQEX,10241
MULN,20250717 05:50:00.828000,0,0.11,10,0.11,8,REGULAR,REGULAR,NQEX,10241
MULN,20250717 05:50:37.669000,0,0.11,8,0.11,8,REGULAR,REGULAR,PACF,10241
MULN,20250717 05:50:56.047000,0,0.11,6,0.11,30,REGULAR,REGULAR,PACF,10247
MULN,20250717 05:50:56.047000,0,0.11,6,0.11,30,REGULAR,REGULAR,PACF,10247
MULN,20250717 05:50:56.047000,0,0.11,6,0.11,30,REGULAR,REGULAR,PACF,10247
MULN,20250717 05:50:56.047000,0,0.11,6,0.11,30,REGULAR,REGULAR,PACF,10247
MULN,20250717 05:50:56.047000,0,0.11,6,0.11,30,REGULAR,REGULAR,PACF,10247
MULN,20250717 05:50:56.048000,0,0.11,6,0.11,30,REGULAR,REGULAR,PACF,10247
MULN,20250717 05:51:16.752000,0,0.11,6,0.11,30,REGULAR,REGULAR,PACF,10247
MULN,20250717 05:51:16.753000,0,0.11,6,0.11,30,REGULAR,REGULAR,PACF,10247
MULN,20250717 05:51:16.753000,0,0.11,6,0.11,30,REGULAR,REGULAR,PACF,10247
MULN,20250717 05:51:16.753000,0,0.11,6,0.11,30,REGULAR,REGULAR,PACF,10247
MULN,20250717 05:51:16.754000,0,0.11,1,0.11,30,REGULAR,REGULAR,PACF,10247
MULN,20250717 05:51:19.221000,0,0.11,1,0.11,30,REGULAR,REGULAR,PACF,10247
MULN,20250717 05:51:25.188000,0,0.11,1,0.11,24,REGULAR,REGULAR,PACF,10247
MULN,20250717 05:51:30.826000,0,0.11,2,0.11,14,REGULAR,REGULAR,PACF,10247
MULN,20250717 05:51:56.650000,0,0.11,2,0.11,11,REGULAR,REGULAR,PACF,10247
MULN,20250717 05:52:20.044000,0,0.11,2,0.11,11,REGULAR,REGULAR,PACF,10247
MULN,20250717 05:52:22.023000,0,0.11,2,0.11,11,REGULAR,REGULAR,PACF,10247
MULN,20250717 05:52:49.478000,0,0.11,1,0.11,11,REGULAR,REGULAR,PACF,10247
MULN,20250717 05:52:58.517000,0,0.11,2,0.11,11,REGULAR,REGULAR,PACF,10247
MULN,20250717 05:52:59.003000,0,0.11,1,0.11,4,REGULAR,REGULAR,PACF,10247
MULN,20250717 05:52:59.003000,0,0.11,1,0.11,4,REGULAR,REGULAR,PACF,10247
MULN,20250717 05:52:59.004000,0,0.11,1,0.11,4,REGULAR,REGULAR,PACF,10247
MULN,20250717 05:52:59.638000,0,0.11,1,0.11,3,REGULAR,REGULAR,PACF,10247
MULN,20250717 05:53:11.636000,0,0.11,1,0.11,3,REGULAR,REGULAR,PACF,10247
MULN,20250717 05:53:15.446000,0,0.11,1,0.11,2,REGULAR,REGULAR,PACF,10247
MULN,20250717 05:54:15.822000,0,0.11,350,0.11,2,REGULAR,REGULAR,EDGX,10247
MULN,20250717 05:54:15.822000,0,0.11,350,0.11,2,REGULAR,REGULAR,EDGX,10247
MULN,20250717 05:54:15.822000,0,0.11,350,0.11,2,REGULAR,REGULAR,EDGX,10247
MULN,20250717 05:54:15.822000,0,0.11,350,0.11,2,REGULAR,REGULAR,EDGX,10247
MULN,20250717 05:54:15.822000,0,0.11,350,0.11,2,REGULAR,REGULAR,EDGX,10247
MULN,20250717 05:55:52.711000,0,0.11,350,0.11,6,REGULAR,REGULAR,EDGX,10305
MULN,20250717 05:55:52.711000,0,0.11,350,0.11,6,REGULAR,REGULAR,EDGX,10305
MULN,20250717 05:55:52.711000,0,0.11,350,0.11,6,REGULAR,REGULAR,EDGX,10305
MULN,20250717 06:00:53.784000,0,0.11,66,0.11,6,REGULAR,REGULAR,EDGX,10247
MULN,20250717 06:00:53.787000,0,0.11,66,0.11,6,REGULAR,REGULAR,EDGX,10247
MULN,20250717 06:02:38.795000,0,0.11,26,0.11,6,REGULAR,REGULAR,NQEX,10247
MULN,20250717 06:02:38.797000,0,0.11,26,0.11,5,REGULAR,REGULAR,NQEX,10247
MULN,20250717 06:02:47.365000,0,0.11,26,0.11,5,REGULAR,REGULAR,NQEX,10247
MULN,20250717 06:03:16.610000,0,0.11,9,0.11,3,REGULAR,REGULAR,NQEX,10247
MULN,20250717 06:03:16.610000,0,0.11,9,0.11,3,REGULAR,REGULAR,NQEX,10247
MULN,20250717 06:04:05.714000,0,0.11,42,0.11,28,REGULAR,REGULAR,PACF,10247
MULN,20250717 06:04:05.716000,0,0.11,42,0.11,28,REGULAR,REGULAR,PACF,10247
MULN,20250717 06:05:15.780000,0,0.11,42,0.11,29,REGULAR,REGULAR,PACF,10247
MULN,20250717 06:05:19.517000,0,0.11,42,0.11,29,REGULAR,REGULAR,PACF,10247
MULN,20250717 06:05:32.315000,0,0.11,42,0.11,29,REGULAR,REGULAR,PACF,10247
MULN,20250717 06:06:14.491000,0,0.11,16,0.11,5,REGULAR,REGULAR,PACF,10247
MULN,20250717 06:06:38.005000,0,0.11,16,0.11,15,REGULAR,REGULAR,PACF,10300
MULN,20250717 06:06:47.766000,0,0.11,16,0.11,14,REGULAR,REGULAR,PACF,10300
MULN,20250717 06:06:54.492000,0,0.11,16,0.11,14,REGULAR,REGULAR,PACF,10300
MULN,20250717 06:07:03.487000,0,0.11,12,0.11,14,REGULAR,REGULAR,PACF,10300
MULN,20250717 06:07:06.401000,0,0.11,12,0.11,14,REGULAR,REGULAR,PACF,10300
MULN,20250717 06:07:24.804000,0,0.11,12,0.11,13,REGULAR,REGULAR,PACF,10300
MULN,20250717 06:07:38.935000,0,0.11,12,0.11,13,REGULAR,REGULAR,PACF,10300
MULN,20250717 06:08:04.519000,0,0.11,12,0.11,13,REGULAR,REGULAR,PACF,10300
MULN,20250717 06:08:20.316000,0,0.11,12,0.11,13,REGULAR,REGULAR,PACF,10300
MULN,20250717 06:08:20.537000,0,0.11,12,0.11,12,REGULAR,REGULAR,PACF,10300
MULN,20250717 06:08:36.505000,0,0.11,12,0.11,12,REGULAR,REGULAR,PACF,10300
MULN,20250717 06:08:37.866000,0,0.11,12,0.11,9,REGULAR,REGULAR,PACF,10300
MULN,20250717 06:09:08.632000,0,0.11,10,0.11,84,REGULAR,REGULAR,NQEX,10247
MULN,20250717 06:09:08.632000,0,0.11,10,0.11,84,REGULAR,REGULAR,NQEX,10247
MULN,20250717 06:09:08.632000,0,0.11,10,0.11,84,REGULAR,REGULAR,NQEX,10247
MULN,20250717 06:09:08.632000,0,0.11,10,0.11,84,REGULAR,REGULAR,NQEX,10247
MULN,20250717 06:09:08.632000,0,0.11,10,0.11,84,REGULAR,REGULAR,NQEX,10247
MULN,20250717 06:09:08.632000,0,0.11,10,0.11,84,REGULAR,REGULAR,NQEX,10247
MULN,20250717 06:10:07.696000,0,0.11,10,0.11,29,REGULAR,REGULAR,NQEX,10247
MULN,20250717 06:10:07.696000,0,0.11,10,0.11,29,REGULAR,REGULAR,NQEX,10247
MULN,20250717 06:10:07.696000,0,0.11,10,0.11,29,REGULAR,REGULAR,NQEX,10247
MULN,20250717 06:10:25.664000,0,0.11,4,0.11,29,REGULAR,REGULAR,PACF,10247
MULN,20250717 06:11:24.510000,0,0.11,4,0.11,24,REGULAR,REGULAR,PACF,10247
MULN,20250717 06:12:16.689000,0,0.11,4,0.11,14,REGULAR,REGULAR,PACF,10247
MULN,20250717 06:13:11.103000,0,0.11,4,0.11,102,REGULAR,REGULAR,PACF,10247
MULN,20250717 06:13:23.709000,0,0.11,290,0.11,5,REGULAR,REGULAR,EDGX,10247
MULN,20250717 06:13:23.709000,0,0.11,290,0.11,5,REGULAR,REGULAR,EDGX,10247
MULN,20250717 06:13:23.709000,0,0.11,290,0.11,5,REGULAR,REGULAR,EDGX,10247
MULN,20250717 06:13:23.709000,0,0.11,290,0.11,5,REGULAR,REGULAR,EDGX,10247
MULN,20250717 06:13:23.709000,0,0.11,290,0.11,5,REGULAR,REGULAR,EDGX,10247
MULN,20250717 06:13:23.709000,0,0.11,290,0.11,5,REGULAR,REGULAR,EDGX,10247
MULN,20250717 06:13:23.709000,0,0.11,290,0.11,5,REGULAR,REGULAR,EDGX,10247
MULN,20250717 06:13:23.709000,0,0.11,290,0.11,5,REGULAR,REGULAR,EDGX,10247
MULN,20250717 06:14:18.499000,0,0.11,290,0.11,87,REGULAR,REGULAR,EDGX,10247
MULN,20250717 06:14:18.499000,0,0.11,290,0.11,87,REGULAR,REGULAR,EDGX,10247
MULN,20250717 06:15:04.277000,0,0.11,290,0.11,87,REGULAR,REGULAR,EDGX,10247
MULN,20250717 06:15:38.855000,0,0.11,290,0.11,81,REGULAR,REGULAR,EDGX,10247
MULN,20250717 06:15:39.488000,0,0.11,290,0.11,76,REGULAR,REGULAR,EDGX,10247
MULN,20250717 06:15:57.915000,0,0.11,290,0.11,131,REGULAR,REGULAR,EDGX,10247
MULN,20250717 06:16:31.073000,0,0.11,245,0.11,131,REGULAR,REGULAR,EDGX,10247
MULN,20250717 06:17:37.443000,0,0.11,245,0.11,8,REGULAR,REGULAR,EDGX,10241
MULN,20250717 06:17:44.890000,0,0.11,245,0.11,131,REGULAR,REGULAR,EDGX,10247
MULN,20250717 06:17:44.892000,0,0.11,245,0.11,97,REGULAR,REGULAR,EDGX,10247
MULN,20250717 06:18:34.218000,0,0.11,10,0.11,97,REGULAR,REGULAR,EDGX,10247
MULN,20250717 06:22:31.121000,0,0.11,19,0.11,87,REGULAR,REGULAR,NQEX,10247
MULN,20250717 06:22:51.134000,0,0.11,19,0.11,87,REGULAR,REGULAR,NQEX,10247
MULN,20250717 06:23:05.748000,0,0.11,19,0.11,87,REGULAR,REGULAR,NQEX,10247
MULN,20250717 06:23:05.748000,0,0.11,19,0.11,87,REGULAR,REGULAR,NQEX,10247
MULN,20250717 06:23:05.748000,0,0.11,19,0.11,87,REGULAR,REGULAR,NQEX,10247
MULN,20250717 06:23:13.497000,0,0.11,19,0.11,87,REGULAR,REGULAR,NQEX,10247
MULN,20250717 06:23:43.274000,0,0.11,245,0.11,31,REGULAR,REGULAR,EDGX,10247
MULN,20250717 06:23:43.274000,0,0.11,245,0.11,31,REGULAR,REGULAR,EDGX,10247
MULN,20250717 06:23:43.274000,0,0.11,245,0.11,31,REGULAR,REGULAR,EDGX,10247
MULN,20250717 06:23:43.274000,0,0.11,245,0.11,31,REGULAR,REGULAR,EDGX,10247
MULN,20250717 06:23:43.275000,0,0.11,245,0.11,4,REGULAR,REGULAR,EDGX,10247
MULN,20250717 06:23:43.275000,0,0.11,245,0.11,4,REGULAR,REGULAR,EDGX,10247
MULN,20250717 06:24:00.589000,0,0.11,245,0.11,3,REGULAR,REGULAR,EDGX,10247
MULN,20250717 06:24:12.054000,0,0.11,245,0.11,2,REGULAR,REGULAR,EDGX,10247
MULN,20250717 06:25:17.578000,0,0.11,245,0.11,2,REGULAR,REGULAR,EDGX,10247
MULN,20250717 06:25:24.790000,0,0.11,245,0.11,1,REGULAR,REGULAR,EDGX,10247
MULN,20250717 06:25:27.313000,0,0.11,245,0.11,1,REGULAR,REGULAR,EDGX,10247
MULN,20250717 06:25:50.404000,0,0.11,245,0.11,1,REGULAR,REGULAR,EDGX,10247
MULN,20250717 06:26:18.148000,0,0.11,249,0.11,87,REGULAR,REGULAR,EDGX,10247
MULN,20250717 06:26:40.507000,0,0.11,249,0.11,77,REGULAR,REGULAR,EDGX,10247
MULN,20250717 06:26:40.507000,0,0.11,249,0.11,77,REGULAR,REGULAR,EDGX,10247
MULN,20250717 06:26:45.717000,0,0.11,248,0.11,77,REGULAR,REGULAR,EDGX,10247
MULN,20250717 06:28:32.805000,0,0.11,248,0.11,77,REGULAR,REGULAR,EDGX,10247
MULN,20250717 06:28:56.086000,0,0.11,248,0.11,1,REGULAR,REGULAR,EDGX,10305
MULN,20250717 06:29:58.833000,0,0.11,248,0.11,77,REGULAR,REGULAR,EDGX,10247
MULN,20250717 06:31:09.527000,0,0.11,248,0.11,75,REGULAR,REGULAR,EDGX,10247
MULN,20250717 06:31:10.671000,0,0.11,248,0.11,6,REGULAR,REGULAR,EDGX,10313
MULN,20250717 06:31:47.601000,0,0.11,5,0.11,75,REGULAR,REGULAR,PACF,10247
MULN,20250717 06:31:55.903000,0,0.11,136,0.11,11,REGULAR,REGULAR,EDGX,10247
MULN,20250717 06:31:55.903000,0,0.11,136,0.11,11,REGULAR,REGULAR,EDGX,10247
MULN,20250717 06:31:55.903000,0,0.11,136,0.11,11,REGULAR,REGULAR,EDGX,10247
MULN,20250717 06:31:55.903000,0,0.11,136,0.11,11,REGULAR,REGULAR,EDGX,10247
MULN,20250717 06:31:55.903000,0,0.11,136,0.11,11,REGULAR,REGULAR,EDGX,10247
MULN,20250717 06:31:55.903000,0,0.11,136,0.11,11,REGULAR,REGULAR,EDGX,10247
MULN,20250717 06:31:55.903000,0,0.11,136,0.11,11,REGULAR,REGULAR,EDGX,10247
MULN,20250717 06:31:55.903000,0,0.11,136,0.11,11,REGULAR,REGULAR,EDGX,10247
MULN,20250717 06:31:55.903000,0,0.11,136,0.11,11,REGULAR,REGULAR,EDGX,10247
MULN,20250717 06:31:55.903000,0,0.11,136,0.11,11,REGULAR,REGULAR,EDGX,10247
MULN,20250717 06:31:55.903000,0,0.11,136,0.11,11,REGULAR,REGULAR,EDGX,10247
MULN,20250717 06:31:55.903000,0,0.11,136,0.11,11,REGULAR,REGULAR,EDGX,10247
MULN,20250717 06:31:56.610000,0,0.11,136,0.11,11,REGULAR,REGULAR,EDGX,10247
MULN,20250717 06:34:00.199000,0,0.11,29,0.11,2,REGULAR,REGULAR,EDGX,10247
MULN,20250717 06:34:45.407000,0,0.11,29,0.11,75,REGULAR,REGULAR,EDGX,10247
MULN,20250717 06:35:37.315000,0,0.11,27,0.11,75,REGULAR,REGULAR,EDGX,10247
MULN,20250717 06:35:53.259000,0,0.11,22,0.11,75,REGULAR,REGULAR,EDGX,10247
MULN,20250717 06:36:33.773000,0,0.11,22,0.11,75,REGULAR,REGULAR,EDGX,10247
MULN,20250717 06:37:20.581000,0,0.11,23,0.11,2,REGULAR,REGULAR,EDGX,10247
MULN,20250717 06:37:20.581000,0,0.11,23,0.11,2,REGULAR,REGULAR,EDGX,10247
MULN,20250717 06:37:32.412000,0,0.11,23,0.11,2,REGULAR,REGULAR,EDGX,10247
MULN,20250717 06:38:20.484000,0,0.11,23,0.11,69,REGULAR,REGULAR,EDGX,10247
MULN,20250717 06:38:20.484000,0,0.11,23,0.11,69,REGULAR,REGULAR,EDGX,10247
MULN,20250717 06:39:21.989000,0,0.11,1,0.11,68,REGULAR,REGULAR,PACF,10247
MULN,20250717 06:41:00.977000,0,0.11,136,0.11,59,REGULAR,REGULAR,EDGX,10247
MULN,20250717 06:41:00.977000,0,0.11,136,0.11,59,REGULAR,REGULAR,EDGX,10247
MULN,20250717 06:41:00.977000,0,0.11,136,0.11,59,REGULAR,REGULAR,EDGX,10247
MULN,20250717 06:41:00.977000,0,0.11,136,0.11,59,REGULAR,REGULAR,EDGX,10247
MULN,20250717 06:41:00.977000,0,0.11,136,0.11,59,REGULAR,REGULAR,EDGX,10247
MULN,20250717 06:41:00.977000,0,0.11,136,0.11,59,REGULAR,REGULAR,EDGX,10247
MULN,20250717 06:41:00.977000,0,0.11,136,0.11,59,REGULAR,REGULAR,EDGX,10247
MULN,20250717 06:41:00.980000,0,0.11,136,0.11,58,REGULAR,REGULAR,EDGX,10247
MULN,20250717 06:43:21.959000,0,0.11,136,0.11,50,REGULAR,REGULAR,EDGX,10247
MULN,20250717 06:43:30.403000,0,0.11,136,0.11,50,REGULAR,REGULAR,EDGX,10247
MULN,20250717 06:43:30.403000,0,0.11,136,0.11,50,REGULAR,REGULAR,EDGX,10247
MULN,20250717 06:43:30.403000,0,0.11,136,0.11,50,REGULAR,REGULAR,EDGX,10247
MULN,20250717 06:43:37.771000,0,0.11,136,0.11,49,REGULAR,REGULAR,EDGX,10247
MULN,20250717 06:44:01.978000,0,0.11,136,0.11,51,REGULAR,REGULAR,EDGX,10247
MULN,20250717 06:44:01.979000,0,0.11,136,0.11,51,REGULAR,REGULAR,EDGX,10247
MULN,20250717 06:44:35.409000,0,0.11,136,0.11,51,REGULAR,REGULAR,EDGX,10247
MULN,20250717 06:44:37.584000,0,0.11,136,0.11,51,REGULAR,REGULAR,EDGX,10247
MULN,20250717 06:44:56.273000,0,0.11,136,0.11,51,REGULAR,REGULAR,EDGX,10247
MULN,20250717 06:44:56.274000,0,0.11,136,0.11,51,REGULAR,REGULAR,EDGX,10247
MULN,20250717 06:45:24.798000,0,0.11,88,0.11,51,REGULAR,REGULAR,PACF,10247
MULN,20250717 06:45:25.495000,0,0.11,83,0.11,46,REGULAR,REGULAR,PACF,10247
MULN,20250717 06:46:38.542000,0,0.11,83,0.11,11,REGULAR,REGULAR,PACF,10247
MULN,20250717 06:47:34.000000,0,0.11,77,0.11,11,REGULAR,REGULAR,PACF,10247
MULN,20250717 06:47:46.408000,0,0.11,77,0.11,9,REGULAR,REGULAR,PACF,10247
MULN,20250717 06:47:56.854000,0,0.11,74,0.11,9,REGULAR,REGULAR,PACF,10247
MULN,20250717 06:48:18.108000,0,0.11,66,0.11,9,REGULAR,REGULAR,PACF,10247
MULN,20250717 06:48:31.329000,0,0.11,68,0.11,7,REGULAR,REGULAR,PACF,10247
MULN,20250717 06:48:50.148000,0,0.11,265,0.11,7,REGULAR,REGULAR,PACF,10247
MULN,20250717 06:49:01.019000,0,0.11,265,0.11,6,REGULAR,REGULAR,PACF,10247
MULN,20250717 06:49:10.437000,0,0.11,265,0.11,6,REGULAR,REGULAR,PACF,10247
MULN,20250717 06:49:10.437000,0,0.11,265,0.11,6,REGULAR,REGULAR,PACF,10247
MULN,20250717 06:49:19.277000,0,0.11,265,0.11,6,REGULAR,REGULAR,PACF,10247
MULN,20250717 06:49:53.654000,0,0.11,73,0.11,6,REGULAR,REGULAR,PACF,10247
MULN,20250717 06:49:53.670000,0,0.11,49,0.11,6,REGULAR,REGULAR,NQEX,10247
MULN,20250717 06:49:53.670000,0,0.11,49,0.11,6,REGULAR,REGULAR,NQEX,10247
MULN,20250717 06:49:53.670000,0,0.11,49,0.11,6,REGULAR,REGULAR,NQEX,10247
MULN,20250717 06:49:53.676000,0,0.11,49,0.11,6,REGULAR,REGULAR,NQEX,10247
MULN,20250717 06:49:55.873000,0,0.11,49,0.11,6,REGULAR,REGULAR,NQEX,10247
MULN,20250717 06:50:08.188000,0,0.11,49,0.11,6,REGULAR,REGULAR,NQEX,10247
MULN,20250717 06:50:08.188000,0,0.11,49,0.11,6,REGULAR,REGULAR,NQEX,10247
MULN,20250717 06:51:15.747000,0,0.11,7,0.11,4,REGULAR,REGULAR,PACF,10241
MULN,20250717 06:51:15.747000,0,0.11,7,0.11,4,REGULAR,REGULAR,PACF,10241
MULN,20250717 06:51:15.747000,0,0.11,7,0.11,4,REGULAR,REGULAR,PACF,10241
MULN,20250717 06:51:15.747000,0,0.11,7,0.11,4,REGULAR,REGULAR,PACF,10241
MULN,20250717 06:51:15.747000,0,0.11,7,0.11,4,REGULAR,REGULAR,PACF,10241
MULN,20250717 06:51:15.747000,0,0.11,7,0.11,4,REGULAR,REGULAR,PACF,10241
MULN,20250717 06:51:15.747000,0,0.11,7,0.11,4,REGULAR,REGULAR,PACF,10241
MULN,20250717 06:51:15.747000,0,0.11,7,0.11,4,REGULAR,REGULAR,PACF,10241
MULN,20250717 06:51:15.747000,0,0.11,7,0.11,4,REGULAR,REGULAR,PACF,10241
MULN,20250717 06:51:15.747000,0,0.11,7,0.11,4,REGULAR,REGULAR,PACF,10241
MULN,20250717 06:51:15.747000,0,0.11,7,0.11,4,REGULAR,REGULAR,PACF,10241
MULN,20250717 06:51:15.747000,0,0.11,7,0.11,4,REGULAR,REGULAR,PACF,10241
MULN,20250717 06:51:15.747000,0,0.11,7,0.11,4,REGULAR,REGULAR,PACF,10241
MULN,20250717 06:51:15.747000,0,0.11,7,0.11,4,REGULAR,REGULAR,PACF,10241
MULN,20250717 06:51:15.747000,0,0.11,7,0.11,4,REGULAR,REGULAR,PACF,10241
MULN,20250717 06:51:15.747000,0,0.11,7,0.11,4,REGULAR,REGULAR,PACF,10241
MULN,20250717 06:51:15.747000,0,0.11,7,0.11,4,REGULAR,REGULAR,PACF,10241
MULN,20250717 06:51:15.747000,0,0.11,7,0.11,4,REGULAR,REGULAR,PACF,10241
MULN,20250717 06:51:15.747000,0,0.11,7,0.11,4,REGULAR,REGULAR,PACF,10241
MULN,20250717 06:51:15.747000,0,0.11,7,0.11,4,REGULAR,REGULAR,PACF,10241
MULN,20250717 06:51:15.747000,0,0.11,7,0.11,4,REGULAR,REGULAR,PACF,10241
MULN,20250717 06:51:15.747000,0,0.11,7,0.11,4,REGULAR,REGULAR,PACF,10241
MULN,20250717 06:51:15.747000,0,0.11,7,0.11,4,REGULAR,REGULAR,PACF,10241
MULN,20250717 06:51:15.747000,0,0.11,7,0.11,4,REGULAR,REGULAR,PACF,10241
MULN,20250717 06:52:07.517000,0,0.11,49,0.11,56,REGULAR,REGULAR,NQEX,10247
MULN,20250717 06:52:30.515000,0,0.11,49,0.11,50,REGULAR,REGULAR,NQEX,10247
MULN,20250717 06:53:44.753000,0,0.11,49,0.11,50,REGULAR,REGULAR,NQEX,10247
MULN,20250717 06:53:44.942000,0,0.11,49,0.11,35,REGULAR,REGULAR,NQEX,10247
MULN,20250717 06:53:44.942000,0,0.11,49,0.11,35,REGULAR,REGULAR,NQEX,10247
MULN,20250717 06:55:04.063000,0,0.11,49,0.11,36,REGULAR,REGULAR,NQEX,10247
MULN,20250717 06:55:08.478000,0,0.11,49,0.11,36,REGULAR,REGULAR,NQEX,10247
MULN,20250717 06:55:08.478000,0,0.11,49,0.11,36,REGULAR,REGULAR,NQEX,10247
MULN,20250717 06:55:36.195000,0,0.11,49,0.11,36,REGULAR,REGULAR,NQEX,10247
MULN,20250717 06:55:58.113000,0,0.11,49,0.11,30,REGULAR,REGULAR,NQEX,10305
MULN,20250717 06:55:58.113000,0,0.11,49,0.11,30,REGULAR,REGULAR,NQEX,10305
MULN,20250717 06:55:58.115000,0,0.11,49,0.11,30,REGULAR,REGULAR,NQEX,10305
MULN,20250717 06:55:58.117000,0,0.11,49,0.11,30,REGULAR,REGULAR,NQEX,10305
MULN,20250717 06:58:12.353000,0,0.11,49,0.11,1,REGULAR,REGULAR,NQEX,10247
MULN,20250717 06:58:25.975000,0,0.11,1,0.11,18,REGULAR,REGULAR,PACF,10247
MULN,20250717 06:58:25.975000,0,0.11,1,0.11,18,REGULAR,REGULAR,PACF,10247
MULN,20250717 06:58:34.067000,0,0.11,1,0.11,18,REGULAR,REGULAR,PACF,10247
MULN,20250717 07:00:00.121000,0,0.11,93,0.11,18,REGULAR,REGULAR,EDGX,10247
MULN,20250717 07:00:00.121000,0,0.11,93,0.11,18,REGULAR,REGULAR,EDGX,10247
MULN,20250717 07:00:00.122000,0,0.11,93,0.11,20,REGULAR,REGULAR,EDGX,10305
MULN,20250717 07:00:00.122000,0,0.11,93,0.11,20,REGULAR,REGULAR,EDGX,10305
MULN,20250717 07:00:00.122000,0,0.11,93,0.11,20,REGULAR,REGULAR,EDGX,10305
MULN,20250717 07:00:00.122000,0,0.11,93,0.11,20,REGULAR,REGULAR,EDGX,10305
MULN,20250717 07:00:00.122000,0,0.11,93,0.11,20,REGULAR,REGULAR,EDGX,10305
MULN,20250717 07:00:00.122000,0,0.11,93,0.11,20,REGULAR,REGULAR,EDGX,10305
MULN,20250717 07:00:00.122000,0,0.11,93,0.11,20,REGULAR,REGULAR,EDGX,10305
MULN,20250717 07:00:00.137000,0,0.11,93,0.11,15,REGULAR,REGULAR,EDGX,10305
MULN,20250717 07:00:07.542000,0,0.11,10,0.11,15,REGULAR,REGULAR,MEMX,10305
MULN,20250717 07:00:07.542000,0,0.11,10,0.11,15,REGULAR,REGULAR,MEMX,10305
MULN,20250717 07:00:07.542000,0,0.11,10,0.11,15,REGULAR,REGULAR,MEMX,10305
MULN,20250717 07:00:07.542000,0,0.11,10,0.11,15,REGULAR,REGULAR,MEMX,10305
MULN,20250717 07:00:12.996000,0,0.11,10,0.11,54,REGULAR,REGULAR,MEMX,10241
MULN,20250717 07:00:12.996000,0,0.11,10,0.11,54,REGULAR,REGULAR,MEMX,10241
MULN,20250717 07:00:44.808000,0,0.11,10,0.11,77,REGULAR,REGULAR,MEMX,10247
MULN,20250717 07:01:35.325000,0,0.11,9,0.11,20,REGULAR,REGULAR,MEMX,10313
MULN,20250717 07:02:17.907000,0,0.11,8,0.11,20,REGULAR,REGULAR,MEMX,10313
MULN,20250717 07:02:17.907000,0,0.11,8,0.11,20,REGULAR,REGULAR,MEMX,10313
MULN,20250717 07:02:17.908000,0,0.11,8,0.11,20,REGULAR,REGULAR,MEMX,10313
MULN,20250717 07:02:17.910000,0,0.11,8,0.11,20,REGULAR,REGULAR,MEMX,10313
MULN,20250717 07:02:17.910000,0,0.11,8,0.11,20,REGULAR,REGULAR,MEMX,10313
MULN,20250717 07:02:17.911000,0,0.11,8,0.11,20,REGULAR,REGULAR,MEMX,10313
MULN,20250717 07:02:17.911000,0,0.11,8,0.11,20,REGULAR,REGULAR,MEMX,10313
MULN,20250717 07:02:30.008000,0,0.11,1,0.11,20,REGULAR,REGULAR,MEMX,10313
MULN,20250717 07:02:44.074000,0,0.11,1,0.11,20,REGULAR,REGULAR,MEMX,10313
MULN,20250717 07:02:59.951000,0,0.11,1,0.11,67,REGULAR,REGULAR,MEMX,10247
MULN,20250717 07:02:59.952000,0,0.11,1,0.11,67,REGULAR,REGULAR,MEMX,10247
MULN,20250717 07:02:59.953000,0,0.11,1,0.11,67,REGULAR,REGULAR,MEMX,10247
MULN,20250717 07:02:59.953000,0,0.11,1,0.11,67,REGULAR,REGULAR,MEMX,10247
MULN,20250717 07:02:59.953000,0,0.11,1,0.11,67,REGULAR,REGULAR,MEMX,10247
MULN,20250717 07:04:07.959000,0,0.11,5,0.11,67,REGULAR,REGULAR,PACF,10247
MULN,20250717 07:04:07.960000,0,0.11,5,0.11,67,REGULAR,REGULAR,PACF,10247
MULN,20250717 07:04:07.960000,0,0.11,5,0.11,67,REGULAR,REGULAR,PACF,10247
MULN,20250717 07:04:07.960000,0,0.11,5,0.11,67,REGULAR,REGULAR,PACF,10247
MULN,20250717 07:04:08.421000,0,0.11,1,0.11,20,REGULAR,REGULAR,MEMX,10313
MULN,20250717 07:04:08.676000,0,0.11,1,0.11,144,REGULAR,REGULAR,MEMX,10313
MULN,20250717 07:04:54.180000,0,0.11,56,0.11,20,REGULAR,REGULAR,MEMX,10313
MULN,20250717 07:05:16.723000,0,0.11,56,0.11,7,REGULAR,REGULAR,MEMX,10313
MULN,20250717 07:05:28.844000,0,0.11,56,0.11,54,REGULAR,REGULAR,MEMX,10241
MULN,20250717 07:05:28.844000,0,0.11,56,0.11,54,REGULAR,REGULAR,MEMX,10241
MULN,20250717 07:05:57.628000,0,0.11,56,0.11,81,REGULAR,REGULAR,MEMX,10241
MULN,20250717 07:05:57.628000,0,0.11,56,0.11,81,REGULAR,REGULAR,MEMX,10241
MULN,20250717 07:05:57.628000,0,0.11,56,0.11,81,REGULAR,REGULAR,MEMX,10241
MULN,20250717 07:05:57.631000,0,0.11,56,0.11,81,REGULAR,REGULAR,MEMX,10241
MULN,20250717 07:05:57.631000,0,0.11,56,0.11,81,REGULAR,REGULAR,MEMX,10241
MULN,20250717 07:05:57.633000,0,0.11,56,0.11,81,REGULAR,REGULAR,MEMX,10313
MULN,20250717 07:05:57.633000,0,0.11,56,0.11,81,REGULAR,REGULAR,MEMX,10313
MULN,20250717 07:05:57.637000,0,0.11,56,0.11,14,REGULAR,REGULAR,MEMX,10313
MULN,20250717 07:06:34.897000,0,0.11,47,0.11,14,REGULAR,REGULAR,MEMX,10313
MULN,20250717 07:06:39.041000,0,0.11,1,0.11,81,REGULAR,REGULAR,PACF,10241
MULN,20250717 07:06:39.041000,0,0.11,1,0.11,81,REGULAR,REGULAR,PACF,10241
MULN,20250717 07:06:39.042000,0,0.11,1,0.11,15,REGULAR,REGULAR,PACF,10313
MULN,20250717 07:06:39.042000,0,0.11,1,0.11,15,REGULAR,REGULAR,PACF,10313
MULN,20250717 07:06:39.042000,0,0.11,1,0.11,15,REGULAR,REGULAR,PACF,10313
MULN,20250717 07:06:39.042000,0,0.11,1,0.11,15,REGULAR,REGULAR,PACF,10313
MULN,20250717 07:07:22.954000,0,0.11,1,0.11,49,REGULAR,REGULAR,MEMX,10305
MULN,20250717 07:07:46.567000,0,0.11,20,0.11,50,REGULAR,REGULAR,PACF,10313
MULN,20250717 07:07:46.567000,0,0.11,20,0.11,50,REGULAR,REGULAR,PACF,10313
MULN,20250717 07:07:47.818000,0,0.11,20,0.11,49,REGULAR,REGULAR,PACF,10313
MULN,20250717 07:08:38.523000,0,0.11,20,0.11,49,REGULAR,REGULAR,PACF,10305
MULN,20250717 07:08:58.710000,0,0.11,20,0.11,49,REGULAR,REGULAR,PACF,10305
MULN,20250717 07:09:53.584000,0,0.11,4,0.11,49,REGULAR,REGULAR,PACF,10313
MULN,20250717 07:10:19.513000,0,0.11,100,0.11,48,REGULAR,REGULAR,PACF,10313
MULN,20250717 07:10:30.576000,0,0.11,100,0.11,48,REGULAR,REGULAR,PACF,10313
MULN,20250717 07:10:30.576000,0,0.11,100,0.11,48,REGULAR,REGULAR,PACF,10313
MULN,20250717 07:10:30.577000,0,0.11,100,0.11,48,REGULAR,REGULAR,PACF,10313
MULN,20250717 07:10:35.613000,0,0.11,100,0.11,24,REGULAR,REGULAR,PACF,10247
MULN,20250717 07:10:35.613000,0,0.11,100,0.11,24,REGULAR,REGULAR,PACF,10247
MULN,20250717 07:10:35.613000,0,0.11,100,0.11,24,REGULAR,REGULAR,PACF,10247
MULN,20250717 07:10:35.614000,0,0.11,8,0.11,24,REGULAR,REGULAR,PACF,10305
MULN,20250717 07:10:48.357000,0,0.11,100,0.11,24,REGULAR,REGULAR,PACF,10305
MULN,20250717 07:11:13.233000,0,0.11,80,0.11,12,REGULAR,REGULAR,MEMX,10305
MULN,20250717 07:11:34.010000,0,0.11,80,0.11,11,REGULAR,REGULAR,MEMX,10305
MULN,20250717 07:11:34.670000,0,0.11,80,0.11,11,REGULAR,REGULAR,MEMX,10305
MULN,20250717 07:11:34.670000,0,0.11,80,0.11,11,REGULAR,REGULAR,MEMX,10305
MULN,20250717 07:11:37.477000,0,0.11,80,0.11,11,REGULAR,REGULAR,MEMX,10305
MULN,20250717 07:11:37.819000,0,0.11,80,0.11,11,REGULAR,REGULAR,MEMX,10305
MULN,20250717 07:11:37.820000,0,0.11,80,0.11,11,REGULAR,REGULAR,MEMX,10305
MULN,20250717 07:11:59.749000,0,0.11,100,0.11,11,REGULAR,REGULAR,PACF,10305
MULN,20250717 07:12:00.602000,0,0.11,100,0.11,11,REGULAR,REGULAR,PACF,10305
MULN,20250717 07:12:49.410000,0,0.11,100,0.11,117,REGULAR,REGULAR,PACF,10247
MULN,20250717 07:12:54.833000,0,0.11,100,0.11,117,REGULAR,REGULAR,PACF,10247
MULN,20250717 07:12:54.834000,0,0.11,100,0.11,116,REGULAR,REGULAR,PACF,10247
MULN,20250717 07:13:03.096000,0,0.11,4,0.11,116,REGULAR,REGULAR,PACF,10247
MULN,20250717 07:13:46.131000,0,0.11,25,0.11,5,REGULAR,REGULAR,MEMX,10305
MULN,20250717 07:13:47.114000,0,0.11,4,0.11,5,REGULAR,REGULAR,MEMX,10305
MULN,20250717 07:13:47.114000,0,0.11,4,0.11,5,REGULAR,REGULAR,MEMX,10305
MULN,20250717 07:13:47.115000,0,0.11,4,0.11,5,REGULAR,REGULAR,MEMX,10305
MULN,20250717 07:13:47.117000,0,0.11,25,0.11,5,REGULAR,REGULAR,MEMX,10305
MULN,20250717 07:13:48.522000,0,0.11,25,0.11,15,REGULAR,REGULAR,MEMX,10241
MULN,20250717 07:14:04.516000,0,0.11,25,0.11,5,REGULAR,REGULAR,MEMX,10241
MULN,20250717 07:14:13.463000,0,0.11,25,0.11,5,REGULAR,REGULAR,MEMX,10241
MULN,20250717 07:14:13.463000,0,0.11,25,0.11,5,REGULAR,REGULAR,MEMX,10241
MULN,20250717 07:14:29.254000,0,0.11,25,0.11,2,REGULAR,REGULAR,MEMX,10305
MULN,20250717 07:14:29.761000,0,0.11,25,0.11,2,REGULAR,REGULAR,MEMX,10305
MULN,20250717 07:14:29.761000,0,0.11,25,0.11,2,REGULAR,REGULAR,MEMX,10305
MULN,20250717 07:14:29.762000,0,0.11,25,0.11,2,REGULAR,REGULAR,MEMX,10305
MULN,20250717 07:14:29.762000,0,0.11,25,0.11,2,REGULAR,REGULAR,MEMX,10305
MULN,20250717 07:14:36.818000,0,0.11,8,0.11,5,REGULAR,REGULAR,BATS,10305
MULN,20250717 07:14:36.818000,0,0.11,8,0.11,5,REGULAR,REGULAR,BATS,10305
MULN,20250717 07:14:36.818000,0,0.11,8,0.11,5,REGULAR,REGULAR,BATS,10305
MULN,20250717 07:14:36.818000,0,0.11,8,0.11,5,REGULAR,REGULAR,BATS,10305
MULN,20250717 07:14:36.820000,0,0.11,8,0.11,45,REGULAR,REGULAR,BATS,10305
MULN,20250717 07:14:48.799000,0,0.11,8,0.11,43,REGULAR,REGULAR,PACF,10305
MULN,20250717 07:14:48.800000,0,0.11,8,0.11,5,REGULAR,REGULAR,PACF,10305
MULN,20250717 07:14:51.044000,0,0.11,8,0.11,4,REGULAR,REGULAR,PACF,10305
MULN,20250717 07:14:51.634000,0,0.11,8,0.11,4,REGULAR,REGULAR,PACF,10305
MULN,20250717 07:15:21.407000,0,0.11,84,0.11,1,REGULAR,REGULAR,PACF,10247
MULN,20250717 07:15:21.407000,0,0.11,84,0.11,1,REGULAR,REGULAR,PACF,10247
MULN,20250717 07:16:52.893000,0,0.11,84,0.11,50,REGULAR,REGULAR,PACF,10313
MULN,20250717 07:17:02.039000,0,0.11,84,0.11,50,REGULAR,REGULAR,PACF,10313
MULN,20250717 07:17:21.083000,0,0.11,84,0.11,50,REGULAR,REGULAR,PACF,10313
MULN,20250717 07:17:27.904000,0,0.11,84,0.11,50,REGULAR,REGULAR,PACF,10313
MULN,20250717 07:17:33.639000,0,0.11,84,0.11,50,REGULAR,REGULAR,PACF,10313
MULN,20250717 07:17:48.469000,0,0.11,84,0.11,50,REGULAR,REGULAR,PACF,10313
MULN,20250717 07:17:55.019000,0,0.11,100,0.11,45,REGULAR,REGULAR,PACF,10313
MULN,20250717 07:17:58.523000,0,0.11,100,0.11,44,REGULAR,REGULAR,PACF,10313
MULN,20250717 07:18:03.364000,0,0.11,50,0.11,44,REGULAR,REGULAR,PACF,10313
MULN,20250717 07:18:06.593000,0,0.11,50,0.11,5,REGULAR,REGULAR,PACF,10241
MULN,20250717 07:18:24.879000,0,0.11,50,0.11,10,REGULAR,REGULAR,PACF,10313
MULN,20250717 07:18:29.943000,0,0.11,84,0.11,10,REGULAR,REGULAR,PACF,10313
MULN,20250717 07:18:29.944000,0,0.11,84,0.11,10,REGULAR,REGULAR,PACF,10247
MULN,20250717 07:18:29.944000,0,0.11,84,0.11,10,REGULAR,REGULAR,PACF,10247
MULN,20250717 07:18:29.945000,0,0.11,84,0.11,10,REGULAR,REGULAR,PACF,10247
MULN,20250717 07:18:29.945000,0,0.11,84,0.11,10,REGULAR,REGULAR,PACF,10247
MULN,20250717 07:18:55.023000,0,0.11,84,0.11,5,REGULAR,REGULAR,PACF,10247
MULN,20250717 07:19:00.194000,0,0.11,10,0.11,10,REGULAR,REGULAR,PACF,10305
MULN,20250717 07:19:00.194000,0,0.11,10,0.11,10,REGULAR,REGULAR,PACF,10305
MULN,20250717 07:19:00.194000,0,0.11,10,0.11,10,REGULAR,REGULAR,PACF,10305
MULN,20250717 07:19:00.195000,0,0.11,10,0.11,10,REGULAR,REGULAR,PACF,10305
MULN,20250717 07:19:03.619000,0,0.11,84,0.11,10,REGULAR,REGULAR,PACF,10305
MULN,20250717 07:19:11.349000,0,0.11,84,0.11,8,REGULAR,REGULAR,PACF,10305
MULN,20250717 07:20:00.313000,0,0.11,5,0.11,2,REGULAR,REGULAR,PACF,10305
MULN,20250717 07:20:09.560000,0,0.11,5,0.11,10,REGULAR,REGULAR,PACF,10305
MULN,20250717 07:20:34.282000,0,0.11,5,0.11,10,REGULAR,REGULAR,PACF,10305
MULN,20250717 07:20:34.282000,0,0.11,5,0.11,10,REGULAR,REGULAR,PACF,10305
MULN,20250717 07:20:34.282000,0,0.11,5,0.11,10,REGULAR,REGULAR,PACF,10305
MULN,20250717 07:20:34.283000,0,0.11,50,0.11,26,REGULAR,REGULAR,EDGX,10247
MULN,20250717 07:20:34.283000,0,0.11,50,0.11,26,REGULAR,REGULAR,EDGX,10247
MULN,20250717 07:20:50.039000,0,0.11,71,0.11,71,REGULAR,REGULAR,PACF,10247
MULN,20250717 07:21:04.974000,0,0.11,16,0.11,16,REGULAR,REGULAR,PACF,10247
MULN,20250717 07:21:55.513000,0,0.11,100,0.11,47,REGULAR,REGULAR,PACF,10247
MULN,20250717 07:21:59.464000,0,0.11,50,0.11,47,REGULAR,REGULAR,PACF,10247
MULN,20250717 07:22:02.571000,0,0.11,50,0.11,47,REGULAR,REGULAR,PACF,10247
MULN,20250717 07:23:00.370000,0,0.11,50,0.11,55,REGULAR,REGULAR,PACF,10305
MULN,20250717 07:23:44.153000,0,0.11,50,0.11,47,REGULAR,REGULAR,PACF,10247
MULN,20250717 07:23:58.689000,0,0.11,10,0.11,22,REGULAR,REGULAR,BATS,10247
MULN,20250717 07:23:58.689000,0,0.11,10,0.11,22,REGULAR,REGULAR,BATS,10247
MULN,20250717 07:23:58.689000,0,0.11,10,0.11,22,REGULAR,REGULAR,BATS,10247
MULN,20250717 07:23:58.689000,0,0.11,10,0.11,22,REGULAR,REGULAR,BATS,10247
MULN,20250717 07:26:28.139000,0,0.11,20,0.11,22,REGULAR,REGULAR,MEMX,10305
MULN,20250717 07:26:28.139000,0,0.11,20,0.11,22,REGULAR,REGULAR,MEMX,10305
MULN,20250717 07:26:28.139000,0,0.11,20,0.11,22,REGULAR,REGULAR,MEMX,10305
MULN,20250717 07:26:28.139000,0,0.11,20,0.11,22,REGULAR,REGULAR,MEMX,10305
MULN,20250717 07:26:28.139000,0,0.11,20,0.11,22,REGULAR,REGULAR,MEMX,10305
MULN,20250717 07:26:51.795000,0,0.11,20,0.11,22,REGULAR,REGULAR,MEMX,10305
MULN,20250717 07:27:03.873000,0,0.11,20,0.11,22,REGULAR,REGULAR,MEMX,10305
MULN,20250717 07:27:03.874000,0,0.11,20,0.11,22,REGULAR,REGULAR,MEMX,10305
MULN,20250717 07:27:28.873000,0,0.11,20,0.11,22,REGULAR,REGULAR,MEMX,10305
MULN,20250717 07:27:28.874000,0,0.11,20,0.11,22,REGULAR,REGULAR,MEMX,10305
MULN,20250717 07:27:29.072000,0,0.11,20,0.11,22,REGULAR,REGULAR,MEMX,10305
MULN,20250717 07:27:36.774000,0,0.11,20,0.11,22,REGULAR,REGULAR,MEMX,10305
MULN,20250717 07:27:46.580000,0,0.11,20,0.11,22,REGULAR,REGULAR,PACF,10305
MULN,20250717 07:27:46.580000,0,0.11,20,0.11,22,REGULAR,REGULAR,PACF,10305
MULN,20250717 07:27:46.580000,0,0.11,20,0.11,22,REGULAR,REGULAR,PACF,10305
MULN,20250717 07:28:06.288000,0,0.11,20,0.11,22,REGULAR,REGULAR,PACF,10305
MULN,20250717 07:28:47.393000,0,0.11,20,0.11,22,REGULAR,REGULAR,PACF,10305
MULN,20250717 07:28:47.393000,0,0.11,20,0.11,22,REGULAR,REGULAR,PACF,10305
MULN,20250717 07:29:15.294000,0,0.11,20,0.11,22,REGULAR,REGULAR,PACF,10305
MULN,20250717 07:29:55.353000,0,0.11,20,0.11,22,REGULAR,REGULAR,PACF,10305
MULN,20250717 07:29:55.353000,0,0.11,20,0.11,22,REGULAR,REGULAR,PACF,10305
MULN,20250717 07:29:55.353000,0,0.11,20,0.11,22,REGULAR,REGULAR,PACF,10305
MULN,20250717 07:29:55.353000,0,0.11,20,0.11,22,REGULAR,REGULAR,PACF,10305
MULN,20250717 07:30:30.669000,0,0.11,20,0.11,22,REGULAR,REGULAR,EDGX,10305
MULN,20250717 07:30:30.669000,0,0.11,20,0.11,22,REGULAR,REGULAR,EDGX,10305
MULN,20250717 07:30:43.949000,0,0.11,20,0.11,20,REGULAR,REGULAR,EDGX,10305
MULN,20250717 07:30:43.949000,0,0.11,20,0.11,20,REGULAR,REGULAR,EDGX,10305
MULN,20250717 07:30:44.303000,0,0.11,20,0.11,20,REGULAR,REGULAR,EDGX,10305
MULN,20250717 07:30:44.303000,0,0.11,20,0.11,20,REGULAR,REGULAR,EDGX,10305
MULN,20250717 07:31:00.840000,0,0.11,20,0.11,20,REGULAR,REGULAR,PACF,10313
MULN,20250717 07:31:00.840000,0,0.11,20,0.11,20,REGULAR,REGULAR,PACF,10313
MULN,20250717 07:31:00.840000,0,0.11,20,0.11,20,REGULAR,REGULAR,PACF,10313
MULN,20250717 07:31:00.840000,0,0.11,20,0.11,20,REGULAR,REGULAR,PACF,10313
MULN,20250717 07:31:11.662000,0,0.11,20,0.11,20,REGULAR,REGULAR,PACF,10313
MULN,20250717 07:31:41.727000,0,0.11,20,0.11,20,REGULAR,REGULAR,PACF,10313
MULN,20250717 07:32:34.153000,0,0.11,87,0.11,20,REGULAR,REGULAR,PACF,10313
MULN,20250717 07:33:28.937000,0,0.11,87,0.11,20,REGULAR,REGULAR,PACF,10313
MULN,20250717 07:33:46.959000,0,0.11,87,0.11,20,REGULAR,REGULAR,PACF,10313
MULN,20250717 07:33:46.962000,0,0.11,46,0.11,20,REGULAR,REGULAR,PACF,10313
MULN,20250717 07:34:07.488000,0,0.11,10,0.11,5,REGULAR,REGULAR,MEMX,10247
MULN,20250717 07:34:07.488000,0,0.11,10,0.11,5,REGULAR,REGULAR,MEMX,10247
MULN,20250717 07:34:07.488000,0,0.11,10,0.11,5,REGULAR,REGULAR,MEMX,10247
MULN,20250717 07:34:08.044000,0,0.11,10,0.11,445,REGULAR,REGULAR,MEMX,10313
MULN,20250717 07:34:11.969000,0,0.11,10,0.11,445,REGULAR,REGULAR,MEMX,10247
MULN,20250717 07:34:11.969000,0,0.11,10,0.11,445,REGULAR,REGULAR,MEMX,10247
MULN,20250717 07:34:11.980000,0,0.11,10,0.11,432,REGULAR,REGULAR,MEMX,10247
MULN,20250717 07:34:56.431000,0,0.11,10,0.11,20,REGULAR,REGULAR,MEMX,10313
MULN,20250717 07:34:57.214000,0,0.11,10,0.11,409,REGULAR,REGULAR,MEMX,10247
MULN,20250717 07:35:12.713000,0,0.11,10,0.11,409,REGULAR,REGULAR,MEMX,10247
MULN,20250717 07:35:12.713000,0,0.11,10,0.11,409,REGULAR,REGULAR,MEMX,10247
MULN,20250717 07:35:12.713000,0,0.11,10,0.11,409,REGULAR,REGULAR,MEMX,10247
MULN,20250717 07:35:12.714000,0,0.11,10,0.11,409,REGULAR,REGULAR,MEMX,10247
MULN,20250717 07:35:12.714000,0,0.11,10,0.11,409,REGULAR,REGULAR,MEMX,10247
MULN,20250717 07:35:28.653000,0,0.11,50,0.11,20,REGULAR,REGULAR,NQEX,10313
MULN,20250717 07:35:28.653000,0,0.11,50,0.11,20,REGULAR,REGULAR,NQEX,10313
MULN,20250717 07:35:28.653000,0,0.11,50,0.11,20,REGULAR,REGULAR,NQEX,10313
MULN,20250717 07:35:28.653000,0,0.11,50,0.11,20,REGULAR,REGULAR,NQEX,10313
MULN,20250717 07:35:28.653000,0,0.11,50,0.11,20,REGULAR,REGULAR,NQEX,10313
MULN,20250717 07:35:28.653000,0,0.11,50,0.11,20,REGULAR,REGULAR,NQEX,10313
MULN,20250717 07:35:28.653000,0,0.11,50,0.11,20,REGULAR,REGULAR,NQEX,10313
MULN,20250717 07:35:28.653000,0,0.11,50,0.11,20,REGULAR,REGULAR,NQEX,10313
MULN,20250717 07:35:28.653000,0,0.11,50,0.11,20,REGULAR,REGULAR,NQEX,10313
MULN,20250717 07:35:28.654000,0,0.11,5,0.11,15,REGULAR,REGULAR,MEMX,10247
MULN,20250717 07:35:28.654000,0,0.11,5,0.11,15,REGULAR,REGULAR,MEMX,10247
MULN,20250717 07:35:28.654000,0,0.11,5,0.11,15,REGULAR,REGULAR,MEMX,10247
MULN,20250717 07:35:28.654000,0,0.11,5,0.11,15,REGULAR,REGULAR,MEMX,10247
MULN,20250717 07:35:28.654000,0,0.11,5,0.11,15,REGULAR,REGULAR,MEMX,10247
MULN,20250717 07:35:28.654000,0,0.11,5,0.11,15,REGULAR,REGULAR,MEMX,10247
MULN,20250717 07:35:28.654000,0,0.11,5,0.11,15,REGULAR,REGULAR,MEMX,10247
MULN,20250717 07:35:28.654000,0,0.11,5,0.11,15,REGULAR,REGULAR,MEMX,10247
MULN,20250717 07:35:28.654000,0,0.11,5,0.11,15,REGULAR,REGULAR,MEMX,10247
MULN,20250717 07:35:28.654000,0,0.11,5,0.11,15,REGULAR,REGULAR,MEMX,10247
MULN,20250717 07:35:28.655000,0,0.11,5,0.11,15,REGULAR,REGULAR,MEMX,10247
MULN,20250717 07:35:28.655000,0,0.11,5,0.11,15,REGULAR,REGULAR,MEMX,10247
MULN,20250717 07:35:28.655000,0,0.11,5,0.11,15,REGULAR,REGULAR,MEMX,10247
MULN,20250717 07:35:28.656000,0,0.11,5,0.11,15,REGULAR,REGULAR,MEMX,10247
MULN,20250717 07:35:28.657000,0,0.11,3,0.11,15,REGULAR,REGULAR,PACF,10247
MULN,20250717 07:35:28.657000,0,0.11,3,0.11,15,REGULAR,REGULAR,PACF,10247
MULN,20250717 07:35:28.658000,0,0.11,3,0.11,15,REGULAR,REGULAR,PACF,10247
MULN,20250717 07:35:28.658000,0,0.11,3,0.11,15,REGULAR,REGULAR,PACF,10247
MULN,20250717 07:35:28.659000,0,0.11,108,0.11,15,REGULAR,REGULAR,EDGX,10247
MULN,20250717 07:35:28.660000,0,0.11,108,0.11,15,REGULAR,REGULAR,EDGX,10247
MULN,20250717 07:35:28.661000,0,0.1,1,0.11,15,REGULAR,REGULAR,PACF,10247
MULN,20250717 07:35:28.661000,0,0.1,1,0.11,15,REGULAR,REGULAR,PACF,10247
MULN,20250717 07:35:28.661000,0,0.1,1,0.11,15,REGULAR,REGULAR,PACF,10247
MULN,20250717 07:35:28.661000,0,0.1,1,0.11,15,REGULAR,REGULAR,PACF,10247
MULN,20250717 07:35:28.661000,0,0.1,1,0.11,15,REGULAR,REGULAR,PACF,10247
MULN,20250717 07:35:28.661000,0,0.1,1,0.11,15,REGULAR,REGULAR,PACF,10247
MULN,20250717 07:35:28.661000,0,0.1,1,0.11,15,REGULAR,REGULAR,PACF,10247
MULN,20250717 07:35:28.661000,0,0.1,1,0.11,15,REGULAR,REGULAR,PACF,10247
MULN,20250717 07:35:28.661000,0,0.1,1,0.11,15,REGULAR,REGULAR,PACF,10247
MULN,20250717 07:35:28.661000,0,0.1,1,0.11,15,REGULAR,REGULAR,PACF,10247
MULN,20250717 07:35:28.661000,0,0.1,1,0.11,15,REGULAR,REGULAR,PACF,10247
MULN,20250717 07:35:28.661000,0,0.1,1,0.11,15,REGULAR,REGULAR,PACF,10247
MULN,20250717 07:35:28.661000,0,0.1,1,0.11,15,REGULAR,REGULAR,PACF,10247
MULN,20250717 07:35:28.661000,0,0.1,1,0.11,15,REGULAR,REGULAR,PACF,10247
MULN,20250717 07:35:28.661000,0,0.1,1,0.11,15,REGULAR,REGULAR,PACF,10247
MULN,20250717 07:35:28.661000,0,0.1,1,0.11,15,REGULAR,REGULAR,PACF,10247
MULN,20250717 07:35:28.661000,0,0.1,1,0.11,15,REGULAR,REGULAR,PACF,10247
MULN,20250717 07:35:28.661000,0,0.1,1,0.11,15,REGULAR,REGULAR,PACF,10247
MULN,20250717 07:35:28.661000,0,0.1,1,0.11,15,REGULAR,REGULAR,PACF,10247
MULN,20250717 07:35:28.661000,0,0.1,1,0.11,15,REGULAR,REGULAR,PACF,10247
MULN,20250717 07:35:28.661000,0,0.1,1,0.11,15,REGULAR,REGULAR,PACF,10247
MULN,20250717 07:35:28.661000,0,0.1,1,0.11,15,REGULAR,REGULAR,PACF,10247
MULN,20250717 07:35:28.661000,0,0.1,1,0.11,15,REGULAR,REGULAR,PACF,10247
MULN,20250717 07:35:28.661000,0,0.1,1,0.11,15,REGULAR,REGULAR,PACF,10247
MULN,20250717 07:35:28.661000,0,0.1,1,0.11,15,REGULAR,REGULAR,PACF,10247
MULN,20250717 07:35:28.661000,0,0.1,1,0.11,15,REGULAR,REGULAR,PACF,10247
MULN,20250717 07:35:28.661000,0,0.1,1,0.11,15,REGULAR,REGULAR,PACF,10247
MULN,20250717 07:35:28.662000,0,0.11,10,0.11,2,REGULAR,REGULAR,NQEX,10247
MULN,20250717 07:35:28.662000,0,0.11,10,0.11,2,REGULAR,REGULAR,NQEX,10247
MULN,20250717 07:35:28.662000,0,0.11,10,0.11,2,REGULAR,REGULAR,NQEX,10247
MULN,20250717 07:35:28.853000,0,0.11,10,0.11,15,REGULAR,REGULAR,EDGX,10247
MULN,20250717 07:35:29.053000,0,0.11,10,0.11,15,REGULAR,REGULAR,NQEX,10247
MULN,20250717 07:35:29.053000,0,0.11,10,0.11,15,REGULAR,REGULAR,NQEX,10247
MULN,20250717 07:35:29.253000,0,0.1,50,0.11,15,REGULAR,REGULAR,EDGX,10247
MULN,20250717 07:35:29.253000,0,0.1,50,0.11,15,REGULAR,REGULAR,EDGX,10247
MULN,20250717 07:35:29.253000,0,0.1,50,0.11,15,REGULAR,REGULAR,EDGX,10247
MULN,20250717 07:35:29.453000,0,0.11,10,0.11,15,REGULAR,REGULAR,PACF,10247
MULN,20250717 07:35:29.454000,0,0.11,10,0.11,2,REGULAR,REGULAR,EDGX,10247
MULN,20250717 07:35:29.653000,0,0.11,10,0.11,15,REGULAR,REGULAR,PACF,10247
MULN,20250717 07:35:29.654000,0,0.1,50,0.11,75,REGULAR,REGULAR,EDGX,10313
MULN,20250717 07:35:29.654000,0,0.1,50,0.11,75,REGULAR,REGULAR,EDGX,10313
MULN,20250717 07:35:29.655000,0,0.1,50,0.11,76,REGULAR,REGULAR,EDGX,10247
MULN,20250717 07:35:29.655000,0,0.1,50,0.11,76,REGULAR,REGULAR,EDGX,10247
MULN,20250717 07:35:48.580000,0,0.1,60,0.11,49,REGULAR,REGULAR,EDGX,10247
MULN,20250717 07:35:53.831000,0,0.1,60,0.11,49,REGULAR,REGULAR,EDGX,10247
MULN,20250717 07:36:00.445000,0,0.1,60,0.11,49,REGULAR,REGULAR,EDGX,10247
MULN,20250717 07:36:02.306000,0,0.1,50,0.11,42,REGULAR,REGULAR,EDGX,10247
MULN,20250717 07:36:05.073000,0,0.1,50,0.11,42,REGULAR,REGULAR,EDGX,10247
MULN,20250717 07:36:06.275000,0,0.1,4,0.11,32,REGULAR,REGULAR,EDGX,10247
MULN,20250717 07:36:06.719000,0,0.1,4,0.11,32,REGULAR,REGULAR,EDGX,10247
MULN,20250717 07:36:06.719000,0,0.1,4,0.11,32,REGULAR,REGULAR,EDGX,10247
MULN,20250717 07:36:11.526000,0,0.1,4,0.11,32,REGULAR,REGULAR,EDGX,10247
MULN,20250717 07:36:21.362000,0,0.1,4,0.11,32,REGULAR,REGULAR,EDGX,10247
MULN,20250717 07:36:35.172000,0,0.1,4,0.11,34,REGULAR,REGULAR,EDGX,10247
MULN,20250717 07:37:02.283000,0,0.1,50,0.11,32,REGULAR,REGULAR,EDGX,10247
MULN,20250717 07:37:02.283000,0,0.1,50,0.11,32,REGULAR,REGULAR,EDGX,10247
MULN,20250717 07:37:02.283000,0,0.1,50,0.11,32,REGULAR,REGULAR,EDGX,10247
MULN,20250717 07:37:02.283000,0,0.1,50,0.11,32,REGULAR,REGULAR,EDGX,10247
MULN,20250717 07:37:04.840000,0,0.1,50,0.11,32,REGULAR,REGULAR,EDGX,10247
MULN,20250717 07:37:04.840000,0,0.1,50,0.11,32,REGULAR,REGULAR,EDGX,10247
MULN,20250717 07:37:04.840000,0,0.1,50,0.11,32,REGULAR,REGULAR,EDGX,10247
MULN,20250717 07:37:04.841000,0,0.1,50,0.11,7,REGULAR,REGULAR,EDGX,10247
MULN,20250717 07:37:04.841000,0,0.1,50,0.11,7,REGULAR,REGULAR,EDGX,10247
MULN,20250717 07:37:36.481000,0,0.11,30,0.11,54,REGULAR,REGULAR,MEMX,10305
MULN,20250717 07:37:40.774000,0,0.11,30,0.11,54,REGULAR,REGULAR,MEMX,10305
MULN,20250717 07:38:06.207000,0,0.11,50,0.11,54,REGULAR,REGULAR,MEMX,10305
MULN,20250717 07:38:20.504000,0,0.11,60,0.11,54,REGULAR,REGULAR,MEMX,10305
MULN,20250717 07:38:25.343000,0,0.11,60,0.11,20,REGULAR,REGULAR,MEMX,10305
MULN,20250717 07:38:33.417000,0,0.11,50,0.11,20,REGULAR,REGULAR,MEMX,10305
MULN,20250717 07:38:33.417000,0,0.11,50,0.11,20,REGULAR,REGULAR,MEMX,10305
MULN,20250717 07:38:33.418000,0,0.11,3,0.11,54,REGULAR,REGULAR,PACF,10305
MULN,20250717 07:38:33.418000,0,0.11,3,0.11,54,REGULAR,REGULAR,PACF,10305
MULN,20250717 07:38:33.418000,0,0.11,3,0.11,54,REGULAR,REGULAR,PACF,10305
MULN,20250717 07:38:33.420000,0,0.11,3,0.11,54,REGULAR,REGULAR,PACF,10305
MULN,20250717 07:38:38.663000,0,0.11,3,0.11,54,REGULAR,REGULAR,PACF,10305
MULN,20250717 07:39:50.364000,0,0.11,50,0.11,54,REGULAR,REGULAR,MEMX,10305
MULN,20250717 07:40:24.163000,0,0.11,50,0.11,54,REGULAR,REGULAR,MEMX,10305
MULN,20250717 07:40:25.109000,0,0.11,50,0.11,54,REGULAR,REGULAR,MEMX,10305
MULN,20250717 07:42:24.580000,0,0.11,20,0.11,54,REGULAR,REGULAR,EDGX,10305
MULN,20250717 07:42:24.580000,0,0.11,20,0.11,54,REGULAR,REGULAR,EDGX,10305
MULN,20250717 07:43:00.163000,0,0.11,20,0.11,54,REGULAR,REGULAR,EDGX,10305
MULN,20250717 07:44:01.408000,0,0.11,20,0.11,54,REGULAR,REGULAR,EDGX,10305
MULN,20250717 07:44:28.369000,0,0.11,20,0.11,54,REGULAR,REGULAR,EDGX,10305
MULN,20250717 07:45:51.094000,0,0.11,50,0.11,54,REGULAR,REGULAR,NQEX,10305
MULN,20250717 07:45:58.884000,0,0.11,50,0.11,54,REGULAR,REGULAR,NQEX,10305
MULN,20250717 07:47:19.103000,0,0.11,50,0.11,54,REGULAR,REGULAR,NQEX,10305
MULN,20250717 07:47:57.713000,0,0.11,50,0.11,31,REGULAR,REGULAR,NQEX,10305
MULN,20250717 07:47:57.714000,0,0.11,50,0.11,31,REGULAR,REGULAR,NQEX,10305
MULN,20250717 07:49:05.665000,0,0.11,50,0.11,7,REGULAR,REGULAR,NQEX,10313
MULN,20250717 07:49:09.319000,0,0.11,50,0.11,7,REGULAR,REGULAR,NQEX,10313
MULN,20250717 07:49:39.954000,0,0.11,50,0.11,7,REGULAR,REGULAR,NQEX,10313
MULN,20250717 07:49:53.884000,0,0.11,50,0.11,7,REGULAR,REGULAR,NQEX,10313
MULN,20250717 07:50:43.628000,0,0.11,2,0.11,31,REGULAR,REGULAR,EDGX,10305
MULN,20250717 07:50:58.857000,0,0.11,1,0.11,31,REGULAR,REGULAR,EDGX,10305
MULN,20250717 07:50:59.704000,0,0.11,1,0.11,31,REGULAR,REGULAR,EDGX,10305
MULN,20250717 07:51:01.726000,0,0.11,1,0.11,31,REGULAR,REGULAR,EDGX,10305
MULN,20250717 07:52:05.739000,0,0.11,1,0.11,31,REGULAR,REGULAR,EDGX,10305
MULN,20250717 07:54:14.123000,0,0.11,3,0.11,5,REGULAR,REGULAR,MEMX,10241
MULN,20250717 07:54:14.864000,0,0.11,3,0.11,5,REGULAR,REGULAR,MEMX,10241
MULN,20250717 07:54:20.174000,0,0.11,3,0.11,5,REGULAR,REGULAR,MEMX,10241
MULN,20250717 07:54:20.174000,0,0.11,3,0.11,5,REGULAR,REGULAR,MEMX,10241
MULN,20250717 07:54:20.175000,0,0.11,3,0.11,5,REGULAR,REGULAR,MEMX,10241
MULN,20250717 07:54:23.694000,0,0.11,1,0.11,5,REGULAR,REGULAR,EDGX,10241
MULN,20250717 07:54:49.083000,0,0.11,1,0.11,5,REGULAR,REGULAR,EDGX,10241
MULN,20250717 07:54:49.747000,0,0.11,50,0.11,25,REGULAR,REGULAR,NQEX,10305
MULN,20250717 07:54:49.747000,0,0.11,50,0.11,25,REGULAR,REGULAR,NQEX,10305
MULN,20250717 07:55:06.213000,0,0.11,50,0.11,25,REGULAR,REGULAR,NQEX,10305
MULN,20250717 07:55:20.509000,0,0.11,50,0.11,5,REGULAR,REGULAR,NQEX,10241
MULN,20250717 07:55:20.509000,0,0.11,50,0.11,5,REGULAR,REGULAR,NQEX,10241
MULN,20250717 07:55:20.510000,0,0.11,50,0.11,5,REGULAR,REGULAR,NQEX,10241
MULN,20250717 07:55:20.510000,0,0.11,50,0.11,5,REGULAR,REGULAR,NQEX,10241
MULN,20250717 07:55:48.528000,0,0.11,50,0.11,5,REGULAR,REGULAR,NQEX,10241
MULN,20250717 07:55:48.529000,0,0.11,50,0.11,5,REGULAR,REGULAR,NQEX,10241
MULN,20250717 07:55:48.530000,0,0.11,50,0.11,4,REGULAR,REGULAR,NQEX,10241
MULN,20250717 07:56:18.229000,0,0.11,50,0.11,4,REGULAR,REGULAR,NQEX,10241
MULN,20250717 07:56:18.229000,0,0.11,50,0.11,4,REGULAR,REGULAR,NQEX,10241
MULN,20250717 07:56:18.229000,0,0.11,50,0.11,4,REGULAR,REGULAR,NQEX,10241
MULN,20250717 07:56:18.229000,0,0.11,50,0.11,4,REGULAR,REGULAR,NQEX,10241
MULN,20250717 07:59:40.462000,0,0.11,50,0.11,200,REGULAR,REGULAR,NQEX,10247
MULN,20250717 08:00:00.054000,0,0.11,1,0.11,200,REGULAR,REGULAR,MEMX,10247
MULN,20250717 08:00:00.055000,0,0.11,1,0.11,200,REGULAR,REGULAR,MEMX,10247
MULN,20250717 08:00:00.055000,0,0.11,1,0.11,200,REGULAR,REGULAR,MEMX,10247
MULN,20250717 08:00:00.062000,0,0.11,1,0.11,200,REGULAR,REGULAR,MEMX,10247
MULN,20250717 08:00:00.113000,0,0.11,1,0.11,200,REGULAR,REGULAR,MEMX,10247
MULN,20250717 08:00:00.116000,0,0.11,1,0.11,200,REGULAR,REGULAR,MEMX,10247
MULN,20250717 08:00:00.122000,0,0.11,1,0.11,200,REGULAR,REGULAR,MEMX,10247
MULN,20250717 08:00:00.125000,0,0.11,1,0.11,200,REGULAR,REGULAR,MEMX,10247
MULN,20250717 08:00:00.127000,0,0.11,1,0.11,200,REGULAR,REGULAR,MEMX,10247
MULN,20250717 08:00:00.135000,0,0.11,1,0.11,200,REGULAR,REGULAR,MEMX,10247
MULN,20250717 08:00:00.151000,0,0.11,1,0.11,200,REGULAR,REGULAR,MEMX,10247
MULN,20250717 08:00:00.164000,0,0.11,1,0.11,200,REGULAR,REGULAR,MEMX,10247
MULN,20250717 08:00:00.164000,0,0.11,1,0.11,200,REGULAR,REGULAR,MEMX,10247
MULN,20250717 08:00:00.184000,0,0.11,1,0.11,200,REGULAR,REGULAR,MEMX,10247
MULN,20250717 08:00:00.198000,0,0.11,1,0.11,200,REGULAR,REGULAR,MEMX,10247
MULN,20250717 08:00:00.214000,0,0.11,1,0.11,200,REGULAR,REGULAR,MEMX,10247
MULN,20250717 08:00:00.218000,0,0.11,1,0.11,200,REGULAR,REGULAR,MEMX,10247
MULN,20250717 08:00:00.221000,0,0.11,1,0.11,200,REGULAR,REGULAR,MEMX,10247
MULN,20250717 08:00:00.221000,0,0.11,1,0.11,200,REGULAR,REGULAR,MEMX,10247
MULN,20250717 08:00:00.225000,0,0.11,1,0.11,200,REGULAR,REGULAR,MEMX,10247
MULN,20250717 08:00:00.225000,0,0.11,1,0.11,200,REGULAR,REGULAR,MEMX,10247
MULN,20250717 08:00:00.225000,0,0.11,1,0.11,200,REGULAR,REGULAR,MEMX,10247
MULN,20250717 08:00:00.227000,0,0.11,1,0.11,200,REGULAR,REGULAR,MEMX,10247
MULN,20250717 08:00:00.239000,0,0.11,1,0.11,200,REGULAR,REGULAR,MEMX,10247
MULN,20250717 08:00:00.242000,0,0.11,1,0.11,200,REGULAR,REGULAR,MEMX,10247
MULN,20250717 08:00:00.247000,0,0.11,1,0.11,200,REGULAR,REGULAR,MEMX,10247
MULN,20250717 08:00:00.251000,0,0.11,1,0.11,200,REGULAR,REGULAR,MEMX,10247
MULN,20250717 08:00:00.260000,0,0.11,1,0.11,200,REGULAR,REGULAR,MEMX,10247
MULN,20250717 08:00:00.288000,0,0.11,1,0.11,200,REGULAR,REGULAR,MEMX,10247
MULN,20250717 08:00:00.288000,0,0.11,1,0.11,200,REGULAR,REGULAR,MEMX,10247
MULN,20250717 08:00:00.312000,0,0.11,1,0.11,200,REGULAR,REGULAR,MEMX,10247
MULN,20250717 08:00:00.317000,0,0.11,1,0.11,200,REGULAR,REGULAR,MEMX,10247
MULN,20250717 08:00:00.319000,0,0.11,1,0.11,200,REGULAR,REGULAR,MEMX,10247
MULN,20250717 08:00:00.324000,0,0.11,1,0.11,200,REGULAR,REGULAR,MEMX,10247
MULN,20250717 08:00:00.329000,0,0.11,1,0.11,200,REGULAR,REGULAR,MEMX,10247
MULN,20250717 08:00:00.340000,0,0.11,1,0.11,200,REGULAR,REGULAR,MEMX,10247
MULN,20250717 08:00:00.344000,0,0.11,1,0.11,200,REGULAR,REGULAR,MEMX,10247
MULN,20250717 08:00:00.356000,0,0.11,1,0.11,200,REGULAR,REGULAR,MEMX,10247
MULN,20250717 08:00:00.356000,0,0.11,1,0.11,200,REGULAR,REGULAR,MEMX,10247
MULN,20250717 08:00:00.361000,0,0.11,1,0.11,200,REGULAR,REGULAR,MEMX,10247
MULN,20250717 08:00:00.370000,0,0.11,1,0.11,200,REGULAR,REGULAR,MEMX,10247
MULN,20250717 08:00:00.374000,0,0.11,1,0.11,200,REGULAR,REGULAR,MEMX,10247
MULN,20250717 08:00:00.392000,0,0.11,1,0.11,200,REGULAR,REGULAR,MEMX,10247
MULN,20250717 08:00:00.398000,0,0.11,1,0.11,200,REGULAR,REGULAR,MEMX,10247
MULN,20250717 08:00:00.413000,0,0.11,1,0.11,200,REGULAR,REGULAR,MEMX,10247
MULN,20250717 08:00:00.437000,0,0.11,1,0.11,200,REGULAR,REGULAR,MEMX,10247
MULN,20250717 08:00:00.453000,0,0.11,1,0.11,200,REGULAR,REGULAR,MEMX,10247
MULN,20250717 08:00:00.460000,0,0.11,1,0.11,200,REGULAR,REGULAR,MEMX,10247
MULN,20250717 08:00:00.476000,0,0.11,1,0.11,200,REGULAR,REGULAR,MEMX,10247
MULN,20250717 08:00:00.485000,0,0.11,1,0.11,200,REGULAR,REGULAR,MEMX,10247
MULN,20250717 08:00:00.504000,0,0.11,1,0.11,200,REGULAR,REGULAR,MEMX,10247
MULN,20250717 08:00:00.524000,0,0.11,1,0.11,200,REGULAR,REGULAR,MEMX,10247
MULN,20250717 08:00:00.531000,0,0.11,1,0.11,200,REGULAR,REGULAR,MEMX,10247
MULN,20250717 08:00:00.545000,0,0.11,1,0.11,200,REGULAR,REGULAR,MEMX,10247
MULN,20250717 08:00:00.547000,0,0.11,1,0.11,200,REGULAR,REGULAR,MEMX,10247
MULN,20250717 08:00:00.558000,0,0.11,1,0.11,200,REGULAR,REGULAR,MEMX,10247
MULN,20250717 08:00:00.560000,0,0.11,1,0.11,200,REGULAR,REGULAR,MEMX,10247
MULN,20250717 08:00:00.564000,0,0.11,1,0.11,200,REGULAR,REGULAR,MEMX,10247
MULN,20250717 08:00:00.585000,0,0.11,1,0.11,200,REGULAR,REGULAR,MEMX,10247
MULN,20250717 08:00:00.591000,0,0.11,1,0.11,200,REGULAR,REGULAR,MEMX,10247
MULN,20250717 08:00:00.595000,0,0.11,1,0.11,200,REGULAR,REGULAR,MEMX,10247
MULN,20250717 08:00:00.600000,0,0.11,1,0.11,200,REGULAR,REGULAR,MEMX,10247
MULN,20250717 08:00:00.625000,0,0.11,1,0.11,200,REGULAR,REGULAR,MEMX,10247
MULN,20250717 08:00:00.635000,0,0.11,1,0.11,200,REGULAR,REGULAR,MEMX,10247
MULN,20250717 08:00:00.636000,0,0.11,1,0.11,200,REGULAR,REGULAR,MEMX,10247
MULN,20250717 08:00:00.642000,0,0.11,1,0.11,200,REGULAR,REGULAR,MEMX,10247
MULN,20250717 08:00:00.647000,0,0.11,1,0.11,200,REGULAR,REGULAR,MEMX,10247
MULN,20250717 08:00:00.647000,0,0.11,1,0.11,200,REGULAR,REGULAR,MEMX,10247
MULN,20250717 08:00:00.657000,0,0.11,1,0.11,200,REGULAR,REGULAR,MEMX,10247
MULN,20250717 08:00:00.664000,0,0.11,1,0.11,200,REGULAR,REGULAR,MEMX,10247
MULN,20250717 08:00:00.665000,0,0.11,1,0.11,200,REGULAR,REGULAR,MEMX,10247
MULN,20250717 08:00:00.668000,0,0.11,1,0.11,200,REGULAR,REGULAR,MEMX,10247
MULN,20250717 08:00:00.671000,0,0.11,1,0.11,200,REGULAR,REGULAR,MEMX,10247
