SymbolId,TradeTime,Index,Size,TotalVolume,Price,ReportingExchange,TradeCondition
BTG,20250717 04:00:01.065000,759,720,720,3.47,EDGX,12545
BTG,20250717 04:00:17.494000,2560,1,730,3.43,PACF,12545
BTG,20250717 04:01:54.280000,9262,200,930,3.43,PACF,12545
BTG,20250717 04:04:43.571000,22261,10,940,3.44,EDGX,12545
BTG,20250717 04:15:13.375000,40799,1,941,3.43,PACF,12545
BTG,20250717 04:19:53.657000,47232,50,991,3.43,PACF,12545
BTG,20250717 05:13:51.167000,99528,2,993,3.44,EDGX,12545
BTG,20250717 05:54:01.343000,131472,6,2041,3.43,PACF,12545
BTG,20250717 05:54:01.343000,131471,39,2035,3.43,PACF,12545
BTG,20250717 05:54:01.343000,131465,1,1039,3.43,PACF,12545
BTG,20250717 05:54:01.343000,131466,904,1943,3.43,PACF,12545
BTG,20250717 05:54:01.343000,131467,7,1950,3.43,PACF,12545
BTG,20250717 05:54:01.343000,131470,1,1996,3.43,PACF,12545
BTG,20250717 05:54:01.343000,131468,39,1989,3.43,PACF,12545
BTG,20250717 05:54:01.343000,131469,6,1995,3.43,PACF,12545
BTG,20250717 05:54:01.343000,131464,6,1038,3.43,PACF,12545
BTG,20250717 05:54:01.343000,131463,39,1032,3.43,PACF,12545
BTG,20250717 06:25:37.830000,152700,155,2196,3.44,EDGX,12545
BTG,20250717 06:54:59.919000,174628,10,2206,3.43,PACF,12545
BTG,20250717 07:00:00.229000,181213,30,2236,3.43,PACF,12545
BTG,20250717 07:00:18.819000,183256,134,2370,3.43,PACF,12545
BTG,20250717 07:00:18.819000,183262,20,2568,3.43,PACF,12545
BTG,20250717 07:00:18.819000,183260,134,2528,3.43,PACF,12545
BTG,20250717 07:00:18.819000,183261,20,2548,3.43,PACF,12545
BTG,20250717 07:00:18.819000,183259,1,2394,3.43,PACF,12545
BTG,20250717 07:00:18.819000,183258,3,2393,3.43,PACF,12545
BTG,20250717 07:00:18.819000,183257,20,2390,3.43,PACF,12545
BTG,20250717 07:00:18.820000,183270,600,3413,3.43,MEMX,12545
BTG,20250717 07:00:18.820000,183269,10,2813,3.43,MEMX,12545
BTG,20250717 07:00:18.820000,183268,91,2803,3.43,PACF,12545
BTG,20250717 07:00:18.820000,183267,86,2712,3.43,PACF,12545
BTG,20250717 07:00:18.820000,183266,49,2626,3.43,PACF,12545
BTG,20250717 07:00:18.820000,183265,3,2577,3.43,PACF,12545
BTG,20250717 07:00:18.820000,183264,3,2574,3.43,PACF,12545
BTG,20250717 07:00:18.820000,183263,3,2571,3.43,PACF,12545
BTG,20250717 07:02:33.795000,188596,100,3513,3.42,PACF,12545
BTG,20250717 07:08:50.853000,196217,500,4013,3.43,PACF,12545
BTG,20250717 07:23:52.054000,211981,2,4015,3.43,EDGX,12545
BTG,20250717 07:26:15.698000,214107,10,4025,3.43,MEMX,12545
BTG,20250717 07:38:45.855000,227263,100,4125,3.43,PACF,12545
BTG,20250717 08:00:00.018000,248411,100,4225,3.42,NQNX,12545
BTG,20250717 08:00:00.183000,250077,1000,5225,3.44,NQNX,12545
BTG,20250717 08:00:00.223000,250630,250,5475,3.44,NQNX,12545
BTG,20250717 08:00:00.429000,252448,10,5485,3.42,NQNX,12545
BTG,20250717 08:00:00.429000,252449,2,5487,3.42,NQNX,12545
BTG,20250717 08:00:00.554000,253167,2000,7487,3.43,NQNX,12545
BTG,20250717 08:00:01.600000,259962,2,7489,3.44,NTRF,12545
BTG,20250717 08:00:01.727000,261040,40,7529,3.43,NQNX,12545
BTG,20250717 08:00:01.882000,262225,110,7639,3.44,NQNX,12545
BTG,20250717 08:00:02.181000,263293,1,7640,3.42,NQNX,12545
BTG,20250717 08:00:08.430000,284911,880,8520,3.44,NQNX,12545
BTG,20250717 08:00:08.513000,285249,50,8570,3.42,NQNX,12545
BTG,20250717 08:00:08.571000,285486,17,8587,3.45,NQNX,12545
BTG,20250717 08:00:09.324000,287874,89,8676,3.44,NQNX,12545
BTG,20250717 08:00:09.717000,288890,88,8764,3.42,NQNX,12545
BTG,20250717 08:00:20.054000,299924,50,8814,3.47,NTRF,12545
BTG,20250717 08:00:26.619000,304390,55,8869,3.5,NTRF,12545
BTG,20250717 08:00:26.623000,304398,47,8916,3.5,NTRF,12545
BTG,20250717 08:00:26.633000,304405,55,8971,3.49,NTRF,12545
BTG,20250717 08:03:54.653000,328105,3,8974,3.43,NQNX,12545
BTG,20250717 08:05:01.480000,330103,31,9005,3.43,PACF,12545
BTG,20250717 08:05:17.482000,330847,50,9055,3.42,NQEX,12545
BTG,20250717 08:12:29.798000,345389,26,9081,3.43,NQNX,12545
BTG,20250717 08:15:42.343000,350138,10,9091,3.43,NTRF,12545
BTG,20250717 08:20:51.074000,359015,50,9141,3.44,NQNX,12545
BTG,20250717 08:24:03.275000,365255,10,17829,3.44,PACF,12545
BTG,20250717 08:24:03.275000,365242,700,9841,3.44,BATS,12545
BTG,20250717 08:24:03.275000,365243,500,10341,3.44,EDGX,12545
BTG,20250717 08:24:03.275000,365244,600,10941,3.44,EDGX,12545
BTG,20250717 08:24:03.275000,365245,1000,11941,3.44,EDGX,12545
BTG,20250717 08:24:03.275000,365246,1000,12941,3.44,NQEX,12545
BTG,20250717 08:24:03.275000,365247,300,13241,3.44,PACF,12545
BTG,20250717 08:24:03.275000,365253,76,17667,3.44,PACF,12545
BTG,20250717 08:24:03.275000,365248,38,13279,3.44,PACF,12545
BTG,20250717 08:24:03.275000,365249,150,13429,3.44,EDGX,12545
BTG,20250717 08:24:03.275000,365250,3400,16829,3.44,NQEX,12545
BTG,20250717 08:24:03.275000,365251,662,17491,3.44,PACF,12545
BTG,20250717 08:24:03.275000,365252,100,17591,3.44,PACF,12545
BTG,20250717 08:24:03.275000,365254,152,17819,3.44,PACF,12545
BTG,20250717 08:24:03.287000,365258,100,18729,3.44,EDGX,12545
BTG,20250717 08:24:03.287000,365257,100,18629,3.44,EDGX,12545
BTG,20250717 08:24:03.287000,365256,700,18529,3.44,BATS,12545
BTG,20250717 08:24:03.287000,365259,1000,19729,3.44,PACF,12545
BTG,20250717 08:24:03.287000,365265,1500,26326,3.44,NQEX,12545
BTG,20250717 08:24:03.287000,365264,3400,24826,3.44,NQEX,12545
BTG,20250717 08:24:03.287000,365262,443,21131,3.44,NQEX,12545
BTG,20250717 08:24:03.287000,365263,295,21426,3.44,NQEX,12545
BTG,20250717 08:24:03.287000,365260,150,19879,3.44,NYSE,12545
BTG,20250717 08:24:03.287000,365261,809,20688,3.44,NYSE,12545
BTG,20250717 08:24:03.288000,365270,3400,31057,3.44,NQEX,12545
BTG,20250717 08:24:03.288000,365267,443,26919,3.44,NQEX,12545
BTG,20250717 08:24:03.288000,365271,295,31352,3.44,NQEX,12545
BTG,20250717 08:24:03.288000,365266,150,26476,3.44,EDGX,12545
BTG,20250717 08:24:03.288000,365268,295,27214,3.44,NQEX,12545
BTG,20250717 08:24:03.288000,365269,443,27657,3.44,NQEX,12545
BTG,20250717 08:24:03.293000,365272,100,31452,3.44,EDGX,12545
BTG,20250717 08:24:03.293000,365273,100,31552,3.44,EDGX,12545
BTG,20250717 08:24:03.293000,365274,443,31995,3.44,NQEX,12545
BTG,20250717 08:24:03.293000,365275,295,32290,3.44,NQEX,12545
BTG,20250717 08:24:03.293000,365276,443,32733,3.44,NQEX,12545
BTG,20250717 08:24:03.293000,365277,295,33028,3.44,NQEX,12545
BTG,20250717 08:24:03.293000,365278,3400,36428,3.44,NQEX,12545
BTG,20250717 08:24:24.298000,365743,10,36438,3.45,PHIL,12545
BTG,20250717 08:24:27.615000,365811,290,36728,3.45,NYSE,12545
BTG,20250717 08:26:11.549000,368595,200,37130,3.45,EDGX,12545
BTG,20250717 08:26:11.549000,368594,200,36930,3.45,EDGX,12545
BTG,20250717 08:26:11.549000,368593,2,36730,3.45,EDGX,12545
BTG,20250717 08:30:34.605000,379230,1000,38130,3.44,BATY,12545
BTG,20250717 08:30:34.605000,379235,30192,94302,3.44,PACF,12545
BTG,20250717 08:30:34.605000,379234,22394,64110,3.44,PACF,12545
BTG,20250717 08:30:34.605000,379231,2896,41026,3.44,EDGX,12545
BTG,20250717 08:30:34.605000,379233,190,41716,3.44,PACF,12545
BTG,20250717 08:30:34.605000,379232,500,41526,3.44,BATY,12545
BTG,20250717 08:30:34.605000,379236,138,94440,3.44,PACF,12545
BTG,20250717 08:30:45.414000,380741,1,94441,3.43,MEMX,12545
BTG,20250717 08:30:45.415000,380742,110,94551,3.43,PACF,12545
BTG,20250717 08:30:51.833000,381441,300,94852,3.42,MEMX,12545
BTG,20250717 08:30:51.833000,381449,200,96078,3.42,EDGX,12545
BTG,20250717 08:30:51.833000,381440,1,94552,3.42,MEMX,12545
BTG,20250717 08:30:51.833000,381442,5,94857,3.42,MEMX,12545
BTG,20250717 08:30:51.833000,381446,500,95567,3.42,MEMX,12545
BTG,20250717 08:30:51.833000,381444,40,94917,3.42,MEMX,12545
BTG,20250717 08:30:51.833000,381445,150,95067,3.42,MEMX,12545
BTG,20250717 08:30:51.833000,381443,20,94877,3.42,MEMX,12545
BTG,20250717 08:30:51.833000,381451,6,96124,3.42,EDGX,12545
BTG,20250717 08:30:51.833000,381450,40,96118,3.42,EDGX,12545
BTG,20250717 08:30:51.833000,381448,300,95878,3.42,EDGX,12545
BTG,20250717 08:30:51.833000,381447,11,95578,3.42,MEMX,12545
BTG,20250717 08:30:51.834000,381452,25,96149,3.42,PACF,12545
BTG,20250717 08:30:51.834000,381453,25,96174,3.42,PACF,12545
BTG,20250717 08:30:51.834000,381454,500,96674,3.42,BATY,12545
BTG,20250717 08:30:51.834000,381455,100,96774,3.42,BATY,12545
BTG,20250717 08:32:56.143000,389615,90,96864,3.42,PACF,12545
BTG,20250717 08:33:02.160000,389949,13,96877,3.43,NQNX,12545
BTG,20250717 08:36:26.699000,397164,1,96878,3.41,NQNX,12545
BTG,20250717 08:38:24.383000,401708,50,96928,3.43,NQNX,12545
BTG,20250717 08:39:13.190000,403377,3,96931,3.43,NTRF,12545
BTG,20250717 08:40:35.788000,406438,135,99896,3.41,NYSE,12545
BTG,20250717 08:40:35.788000,406434,400,97331,3.41,PACF,12545
BTG,20250717 08:40:35.788000,406436,30,97561,3.41,PACF,12545
BTG,20250717 08:40:35.788000,406437,2200,99761,3.41,PACF,12545
BTG,20250717 08:40:35.788000,406435,200,97531,3.41,PACF,12545
BTG,20250717 08:42:17.602000,409828,3000,102896,3.42,NQNX,12545
BTG,20250717 08:42:28.474000,410111,500,103396,3.42,MEMX,12545
BTG,20250717 08:43:51.205000,413405,1000,104396,3.41,NQNX,12545
BTG,20250717 08:45:03.218000,415956,10,104406,3.43,NQNX,12545
BTG,20250717 08:45:08.056000,416070,500,104906,3.41,BATY,12545
BTG,20250717 08:45:08.056000,416071,100,105006,3.41,BATY,12545
BTG,20250717 08:47:59.265000,422050,1000,106006,3.41,NQNX,12545
BTG,20250717 08:48:53.398000,424814,1000,107006,3.41,NQNX,12545
BTG,20250717 08:50:24.108000,429204,10000,117006,3.41,NQNX,12545
BTG,20250717 08:51:58.169000,432585,500,117506,3.41,BATY,12545
BTG,20250717 08:52:47.866000,435097,3,117509,3.42,PACF,12545
BTG,20250717 08:52:53.794000,435340,10000,127509,3.41,NQNX,12545
BTG,20250717 08:53:25.113000,436629,8000,135509,3.41,NQNX,12545
BTG,20250717 08:53:27.754000,436707,5,135514,3.41,NQNX,12545
BTG,20250717 08:56:28.810000,443966,200,135714,3.41,NQNX,12545
BTG,20250717 08:56:29.586000,444061,10000,145714,3.41,NQNX,12545
BTG,20250717 08:57:47.456000,447230,2760,149552,3.41,MEMX,12545
BTG,20250717 08:57:47.456000,447231,1200,150752,3.41,MEMX,12545
BTG,20250717 08:57:47.456000,447232,540,151292,3.41,MEMX,12545
BTG,20250717 08:57:47.456000,447229,5,146792,3.41,MEMX,12545
BTG,20250717 08:57:47.456000,447226,5,146257,3.41,MEMX,12545
BTG,20250717 08:57:47.456000,447225,300,146252,3.41,MEMX,12545
BTG,20250717 08:57:47.456000,447224,5,145952,3.41,PACF,12545
BTG,20250717 08:57:47.456000,447223,200,145947,3.41,EDGX,12545
BTG,20250717 08:57:47.456000,447222,3,145747,3.41,EDGX,12545
BTG,20250717 08:57:47.456000,447221,30,145744,3.41,EDGX,12545
BTG,20250717 08:57:47.456000,447228,30,146787,3.41,MEMX,12545
BTG,20250717 08:57:47.456000,447227,500,146757,3.41,MEMX,12545
BTG,20250717 08:57:47.457000,447233,5500,156792,3.41,NQNX,12545
BTG,20250717 08:58:02.320000,447735,60,156852,3.4,NQNX,12545
BTG,20250717 09:00:08.300000,452250,400,157252,3.41,NQNX,12545
BTG,20250717 09:00:08.300000,452251,100,157352,3.41,NQNX,12545
BTG,20250717 09:00:10.234000,452337,200,157552,3.41,EDGX,12545
BTG,20250717 09:00:10.236000,452338,200,157752,3.4,NQNX,12545
BTG,20250717 09:00:12.787000,452577,20000,177752,3.4,NQNX,12545
BTG,20250717 09:00:48.459000,453996,2,177754,3.4,NQNX,12545
BTG,20250717 09:01:40.935000,456631,4,177758,3.41,NQNX,12545
BTG,20250717 09:02:19.579000,458125,415,178173,3.4,NTRF,12545
BTG,20250717 09:02:33.298000,458808,300,178473,3.4,NQNX,12545
BTG,20250717 09:05:40.608000,465816,6,178479,3.4,NQNX,12545
BTG,20250717 09:07:01.439000,468599,1,178480,3.4,NQNX,12545
BTG,20250717 09:07:09.748000,468816,1,178481,3.4,NQNX,12545
BTG,20250717 09:09:14.031000,473891,600,179081,3.41,EDGX,12545
BTG,20250717 09:09:14.032000,473892,400,179481,3.41,BATS,12545
BTG,20250717 09:11:41.829000,479150,24,179505,3.4,NQNX,12545
BTG,20250717 09:14:21.575000,484532,100,179605,3.4,NQNX,12545
BTG,20250717 09:14:45.924000,485462,1000,180605,3.41,PHIL,12545
BTG,20250717 09:15:20.678000,486852,300,197609,3.4,PACF,12545
BTG,20250717 09:15:20.678000,486851,50,197309,3.4,EDGX,12545
BTG,20250717 09:15:20.678000,486853,300,197909,3.4,EDGX,12545
BTG,20250717 09:15:20.678000,486854,2,197911,3.4,EDGX,12545
BTG,20250717 09:15:20.678000,486855,300,198211,3.4,EDGX,12545
BTG,20250717 09:15:20.678000,486856,3447,201658,3.4,EDGX,12545
BTG,20250717 09:15:20.678000,486857,29411,231069,3.4,EDGX,12545
BTG,20250717 09:15:20.678000,486858,1,231070,3.4,EDGX,12545
BTG,20250717 09:15:20.678000,486850,978,197259,3.4,PACF,12545
BTG,20250717 09:15:20.678000,486849,300,196281,3.4,PACF,12545
BTG,20250717 09:15:20.678000,486841,300,183604,3.4,PACF,12545
BTG,20250717 09:15:20.678000,486842,30,183634,3.4,PACF,12545
BTG,20250717 09:15:20.678000,486843,30,183664,3.4,PACF,12545
BTG,20250717 09:15:20.678000,486844,2,183666,3.4,PACF,12545
BTG,20250717 09:15:20.678000,486859,100,231170,3.4,EDGX,12545
BTG,20250717 09:15:20.678000,486846,75,193741,3.4,PACF,12545
BTG,20250717 09:15:20.678000,486847,40,193781,3.4,EDGX,12545
BTG,20250717 09:15:20.678000,486848,2200,195981,3.4,PACF,12545
BTG,20250717 09:15:20.678000,486845,10000,193666,3.4,EDGX,12545
BTG,20250717 09:15:20.678000,486860,6,231176,3.4,EDGX,12545
BTG,20250717 09:15:20.678000,486871,100,232999,3.4,MEMX,12545
BTG,20250717 09:15:20.678000,486872,50,233049,3.4,MEMX,12545
BTG,20250717 09:15:20.678000,486873,250,233299,3.4,MEMX,12545
BTG,20250717 09:15:20.678000,486874,1,233300,3.4,MEMX,12545
BTG,20250717 09:15:20.678000,486832,38,181643,3.4,EDGX,12545
BTG,20250717 09:15:20.678000,486875,72,233372,3.4,MEMX,12545
BTG,20250717 09:15:20.678000,486876,70,233442,3.4,MEMX,12545
BTG,20250717 09:15:20.678000,486877,50,233492,3.4,MEMX,12545
BTG,20250717 09:15:20.678000,486878,289,233781,3.4,PACF,12545
BTG,20250717 09:15:20.678000,486840,150,183304,3.4,EDGX,12545
BTG,20250717 09:15:20.678000,486870,10,232899,3.4,MEMX,12545
BTG,20250717 09:15:20.678000,486869,100,232889,3.4,MEMX,12545
BTG,20250717 09:15:20.678000,486861,300,231476,3.4,PACF,12545
BTG,20250717 09:15:20.678000,486862,300,231776,3.4,PACF,12545
BTG,20250717 09:15:20.678000,486863,300,232076,3.4,PACF,12545
BTG,20250717 09:15:20.678000,486864,300,232376,3.4,PACF,12545
BTG,20250717 09:15:20.678000,486866,100,232479,3.4,MEMX,12545
BTG,20250717 09:15:20.678000,486867,300,232779,3.4,MEMX,12545
BTG,20250717 09:15:20.678000,486868,10,232789,3.4,MEMX,12545
BTG,20250717 09:15:20.678000,486865,3,232379,3.4,MEMX,12545
BTG,20250717 09:15:20.678000,486838,300,183153,3.4,PACF,12545
BTG,20250717 09:15:20.678000,486837,40,182853,3.4,PACF,12545
BTG,20250717 09:15:20.678000,486836,200,182813,3.4,PACF,12545
BTG,20250717 09:15:20.678000,486835,200,182613,3.4,EDGX,12545
BTG,20250717 09:15:20.678000,486834,470,182413,3.4,EDGX,12545
BTG,20250717 09:15:20.678000,486839,1,183154,3.4,PACF,12545
BTG,20250717 09:15:20.678000,486831,1000,181605,3.4,NYSE,12545
BTG,20250717 09:15:20.678000,486833,300,181943,3.4,PACF,12545
BTG,20250717 09:15:20.679000,486879,500,234281,3.4,PACF,12545
BTG,20250717 09:15:20.679000,486880,100,234381,3.4,PACF,12545
BTG,20250717 09:15:20.679000,486881,500,234881,3.4,PACF,12545
BTG,20250717 09:15:20.679000,486884,100,235381,3.4,NQEX,12545
BTG,20250717 09:15:20.679000,486882,100,234981,3.4,PACF,12545
BTG,20250717 09:15:20.679000,486883,300,235281,3.4,PACF,12545
BTG,20250717 09:15:20.679000,486885,100,235481,3.4,NQEX,12545
BTG,20250717 09:15:20.679000,486887,600,236181,3.4,EDGX,12545
BTG,20250717 09:15:20.679000,486886,100,235581,3.4,NQEX,12545
BTG,20250717 09:17:08.921000,491799,500,236851,3.41,NQEX,12545
BTG,20250717 09:17:08.921000,491798,170,236351,3.41,NQEX,12545
BTG,20250717 09:17:08.921000,491800,324,237175,3.41,NQEX,12545
BTG,20250717 09:17:08.921000,491801,487,237662,3.41,NQEX,12545
BTG,20250717 09:17:08.921000,491802,295,237957,3.41,NQEX,12545
BTG,20250717 09:17:08.921000,491803,100,238057,3.41,PACF,12545
BTG,20250717 09:17:08.921000,491804,1200,239257,3.41,PACF,12545
BTG,20250717 09:17:08.922000,491816,600,241657,3.41,EDGX,12545
BTG,20250717 09:17:08.922000,491806,100,239757,3.41,PACF,12545
BTG,20250717 09:17:08.922000,491815,100,241057,3.41,EDGX,12545
BTG,20250717 09:17:08.922000,491805,400,239657,3.41,EDGX,12545
BTG,20250717 09:17:08.922000,491817,700,242357,3.41,BATS,12545
BTG,20250717 09:17:08.922000,491811,300,240657,3.41,PACF,12545
BTG,20250717 09:17:08.922000,491810,100,240357,3.41,PACF,12545
BTG,20250717 09:17:08.922000,491809,100,240257,3.41,PACF,12545
BTG,20250717 09:17:08.922000,491814,100,240957,3.41,EDGX,12545
BTG,20250717 09:17:08.922000,491808,300,240157,3.41,PACF,12545
BTG,20250717 09:17:08.922000,491807,100,239857,3.41,PACF,12545
BTG,20250717 09:17:08.922000,491812,100,240757,3.41,EDGX,12545
BTG,20250717 09:17:08.922000,491813,100,240857,3.41,EDGX,12545
BTG,20250717 09:17:08.932000,491825,100,244336,3.41,NQEX,12545
BTG,20250717 09:17:08.932000,491824,100,244236,3.41,NQEX,12545
BTG,20250717 09:17:08.932000,491818,487,242844,3.41,NQEX,12545
BTG,20250717 09:17:08.932000,491819,324,243168,3.41,NQEX,12545
BTG,20250717 09:17:08.932000,491820,344,243512,3.41,NQEX,12545
BTG,20250717 09:17:08.932000,491821,300,243812,3.41,NQEX,12545
BTG,20250717 09:17:08.932000,491822,29,243841,3.41,NQEX,12545
BTG,20250717 09:17:08.932000,491823,295,244136,3.41,NQEX,12545
BTG,20250717 09:17:08.986000,491828,8,244344,3.41,NQNX,12545
BTG,20250717 09:17:37.453000,492995,2,244346,3.41,NQNX,12545
BTG,20250717 09:18:13.581000,494958,4,244350,3.41,NQNX,12545
BTG,20250717 09:21:42.758000,503847,20,244370,3.41,NQNX,12545
BTG,20250717 09:22:06.154000,504795,2,244372,3.42,NTRF,12545
BTG,20250717 09:22:07.088000,504831,20000,264372,3.41,NQNX,12545
BTG,20250717 09:23:28.807000,508574,20000,284372,3.41,NQNX,12545
BTG,20250717 09:24:00.664000,509849,1,284373,3.41,NQNX,12545
BTG,20250717 09:24:26.004000,511874,500,284873,3.42,NQNX,12545
BTG,20250717 09:24:26.688000,511912,20000,304873,3.41,NQNX,12545
BTG,20250717 09:24:56.436000,513456,14800,319673,3.41,NQNX,12545
BTG,20250717 09:24:56.440000,513457,700,320373,3.41,BATS,12545
BTG,20250717 09:24:56.440000,513458,600,320973,3.41,PACF,12545
BTG,20250717 09:24:56.440000,513459,1000,321973,3.41,PACF,12545
BTG,20250717 09:24:56.441000,513467,8,323637,3.41,NQEX,12545
BTG,20250717 09:24:56.441000,513468,61,323698,3.41,NQEX,12545
BTG,20250717 09:24:56.441000,513469,61,323759,3.41,NQEX,12545
BTG,20250717 09:24:56.441000,513466,8,323629,3.41,NQEX,12545
BTG,20250717 09:24:56.441000,513464,472,323149,3.41,NQEX,12545
BTG,20250717 09:24:56.441000,513463,200,322677,3.41,EDGX,12545
BTG,20250717 09:24:56.441000,513462,300,322477,3.41,EDGX,12545
BTG,20250717 09:24:56.441000,513470,3,323762,3.41,NQEX,12545
BTG,20250717 09:24:56.441000,513461,200,322177,3.41,EDGX,12545
BTG,20250717 09:24:56.441000,513460,4,321977,3.41,EDGX,12545
BTG,20250717 09:24:56.441000,513465,472,323621,3.41,NQEX,12545
BTG,20250717 09:24:56.441000,513486,1,323927,3.41,NQEX,12545
BTG,20250717 09:24:56.441000,513485,14,323926,3.41,NQEX,12545
BTG,20250717 09:24:56.441000,513471,3,323765,3.41,NQEX,12545
BTG,20250717 09:24:56.441000,513483,41,323897,3.41,NQEX,12545
BTG,20250717 09:24:56.441000,513482,41,323856,3.41,NQEX,12545
BTG,20250717 09:24:56.441000,513481,8,323815,3.41,NQEX,12545
BTG,20250717 09:24:56.441000,513480,8,323807,3.41,NQEX,12545
BTG,20250717 09:24:56.441000,513479,1,323799,3.41,NQEX,12545
BTG,20250717 09:24:56.441000,513484,15,323912,3.41,NQEX,12545
BTG,20250717 09:24:56.441000,513478,1,323798,3.41,NQEX,12545
BTG,20250717 09:24:56.441000,513477,5,323797,3.41,NQEX,12545
BTG,20250717 09:24:56.441000,513476,5,323792,3.41,NQEX,12545
BTG,20250717 09:24:56.441000,513475,1,323787,3.41,NQEX,12545
BTG,20250717 09:24:56.441000,513474,1,323786,3.41,NQEX,12545
BTG,20250717 09:24:56.441000,513472,10,323775,3.41,NQEX,12545
BTG,20250717 09:24:56.441000,513473,10,323785,3.41,NQEX,12545
BTG,20250717 09:25:00.052000,513765,188,324115,3.41,PACF,12545
BTG,20250717 09:25:00.052000,513766,612,324727,3.41,PACF,12545
BTG,20250717 09:25:54.165000,516124,2,324729,3.4,NQNX,12545
BTG,20250717 09:26:38.707000,517844,40,324769,3.41,NTRF,12545
BTG,20250717 09:26:47.425000,518176,1,324770,3.4,NQNX,12545
BTG,20250717 09:30:00.045000,533503,32917,390604,3.4,AMEX,12610
BTG,20250717 09:30:00.045000,533502,32917,357687,3.4,AMEX,12606
BTG,20250717 09:30:00.094000,536056,1,390605,3.4,NQNX,12640
BTG,20250717 09:30:00.099000,536358,1,390706,3.4,NQNX,12640
BTG,20250717 09:30:00.099000,536331,100,390705,3.4,NQNX,12544
BTG,20250717 09:30:00.108000,536890,1,390707,3.4,NQNX,12640
BTG,20250717 09:30:00.112000,537144,1,390708,3.4,NQNX,12640
BTG,20250717 09:30:00.116000,537367,29,390737,3.41,NQNX,12659
BTG,20250717 09:30:00.116000,537377,1,390738,3.41,NQNX,12640
BTG,20250717 09:30:00.117000,537420,300,391038,3.4,NQNX,12544
BTG,20250717 09:30:00.120000,537654,29,391067,3.41,NQNX,12659
BTG,20250717 09:30:00.121000,537674,1,391068,3.41,NQNX,12640
BTG,20250717 09:30:00.122000,537736,1,391069,3.4,NQNX,12640
BTG,20250717 09:30:00.123000,537784,1,391070,3.41,NQNX,12659
BTG,20250717 09:30:00.123000,537803,1,391071,3.41,NQNX,12640
BTG,20250717 09:30:00.124000,537857,1453,392524,3.4,NQNX,12544
BTG,20250717 09:30:00.124000,537886,1,392525,3.4,NQNX,12640
BTG,20250717 09:30:00.125000,537931,400,392925,3.4,NQNX,12544
BTG,20250717 09:30:00.129000,538225,300,393225,3.4,NQNX,12640
BTG,20250717 09:30:00.131000,538362,450,393675,3.4,NQNX,12640
BTG,20250717 09:30:00.147000,539440,2,393677,3.41,NQNX,12659
BTG,20250717 09:30:00.147000,539454,1,393678,3.41,NQNX,12640
BTG,20250717 09:30:00.157000,540050,1900,395578,3.4,NQNX,12544
BTG,20250717 09:30:00.177000,541208,1,395579,3.4,NQNX,12640
BTG,20250717 09:30:00.308000,549555,14,395593,3.4,NQNX,12659
BTG,20250717 09:30:00.313000,549817,1,395594,3.4,NQNX,12659
BTG,20250717 09:30:00.313000,549821,1,395595,3.4,NQNX,12659
BTG,20250717 09:30:00.314000,549872,250,395845,3.4,PACF,12544
BTG,20250717 09:30:00.314000,549873,250,396095,3.4,PACF,12610
BTG,20250717 09:30:00.320000,550287,1,396096,3.4,NTRF,12640
BTG,20250717 09:30:00.322000,550351,500,396596,3.4,NQNX,12640
BTG,20250717 09:30:00.356000,552080,1,396597,3.4,NTRF,12659
BTG,20250717 09:30:00.430000,556072,1,396598,3.4,NQNX,12659
BTG,20250717 09:30:00.432000,556143,1,396600,3.4,NQNX,12659
BTG,20250717 09:30:00.432000,556131,1,396599,3.4,NQNX,12659
BTG,20250717 09:30:00.434000,556224,1,396601,3.4,NQNX,12659
BTG,20250717 09:30:00.442000,556624,354,396955,3.4,NQNX,12544
BTG,20250717 09:30:00.522000,560531,1,396956,3.41,NQNX,12659
BTG,20250717 09:30:00.544000,562070,354,397310,3.4,NQNX,12544
BTG,20250717 09:30:00.586000,564593,1,397313,3.4,NQNX,12659
BTG,20250717 09:30:00.586000,564580,1,397311,3.4,NQNX,12659
BTG,20250717 09:30:00.586000,564589,1,397312,3.4,NQNX,12659
BTG,20250717 09:30:00.588000,564718,1,397315,3.4,NQNX,12659
BTG,20250717 09:30:00.588000,564696,1,397314,3.4,NQNX,12659
BTG,20250717 09:30:00.589000,564783,1,397316,3.4,NQNX,12659
BTG,20250717 09:30:00.590000,564820,1,397317,3.4,NQNX,12659
BTG,20250717 09:30:00.591000,564893,1,397318,3.4,NQNX,12659
BTG,20250717 09:30:00.592000,564958,1,397319,3.4,NQNX,12659
BTG,20250717 09:30:00.592000,564976,1,397320,3.4,NQNX,12659
BTG,20250717 09:30:00.593000,565019,1,397321,3.4,NQNX,12659
BTG,20250717 09:30:00.632000,567393,1,397322,3.41,BTRF,12659
BTG,20250717 09:30:00.647000,568123,1,397323,3.41,NQNX,12659
BTG,20250717 09:30:00.673000,569299,1,397324,3.4,NQNX,12659
BTG,20250717 09:30:00.710000,570650,200,397524,3.4,NQNX,12544
BTG,20250717 09:30:00.755000,572122,1,397527,3.4,NQNX,12659
BTG,20250717 09:30:00.755000,572118,1,397526,3.4,NQNX,12659
BTG,20250717 09:30:00.755000,572117,1,397525,3.4,NQNX,12659
BTG,20250717 09:30:00.755000,572124,1,397528,3.4,NQNX,12659
BTG,20250717 09:30:00.755000,572135,1,397529,3.4,NQNX,12659
BTG,20250717 09:30:00.756000,572160,1,397531,3.4,NQNX,12659
BTG,20250717 09:30:00.756000,572156,1,397530,3.4,NQNX,12659
BTG,20250717 09:30:00.757000,572184,1,397533,3.4,NQNX,12659
BTG,20250717 09:30:00.757000,572179,1,397532,3.4,NQNX,12659
BTG,20250717 09:30:00.829000,574472,1,397534,3.4,NQNX,12659
BTG,20250717 09:30:01.153000,584425,1,397535,3.4,NQNX,12659
BTG,20250717 09:30:01.875000,595323,1,397536,3.4,NQNX,12659
BTG,20250717 09:30:01.955000,596107,1,397537,3.4,NQNX,12659
BTG,20250717 09:30:02.008000,596547,1,397538,3.4,NQNX,12659
BTG,20250717 09:30:02.434000,599504,1,397539,3.4,NQEX,12659
BTG,20250717 09:30:02.435000,599505,1,397540,3.4,NQEX,12610
BTG,20250717 09:30:03.559000,604492,1,397541,3.4,NQNX,12659
BTG,20250717 09:30:03.592000,604589,1,397542,3.4,BATY,12659
BTG,20250717 09:30:04.100000,607378,2,397544,3.4,NTRF,12659
BTG,20250717 09:30:04.616000,608767,1,397545,3.4,NQNX,12659
BTG,20250717 09:30:04.617000,608774,3,397551,3.4,NQNX,12659
BTG,20250717 09:30:04.617000,608771,3,397548,3.4,NQNX,12659
BTG,20250717 09:30:04.618000,608780,3,397554,3.4,NQNX,12659
BTG,20250717 09:30:04.646000,608968,5,397559,3.4,NQNX,12659
BTG,20250717 09:30:04.833000,609587,1,397560,3.4,NQNX,12640
BTG,20250717 09:30:05.778000,612499,1,397561,3.4,NQNX,12659
BTG,20250717 09:30:06.110000,613474,100,397661,3.41,NQNX,12544
BTG,20250717 09:30:06.483000,614726,1,397662,3.4,NQNX,12659
BTG,20250717 09:30:06.691000,615584,11,397673,3.41,NQNX,12659
BTG,20250717 09:30:08.942000,622505,4,397677,3.4,NQNX,12659
BTG,20250717 09:30:10.057000,625079,2400,400077,3.4,NQNX,12544
BTG,20250717 09:30:10.057000,625080,2200,402277,3.4,NQNX,12544
BTG,20250717 09:30:10.064000,625143,200,402477,3.4,NQNX,12544
BTG,20250717 09:30:10.065000,625149,4500,406977,3.4,NQNX,12544
BTG,20250717 09:30:10.074000,625179,6800,413777,3.4,NQNX,12544
BTG,20250717 09:30:10.077000,625203,6800,420577,3.4,NQNX,12544
BTG,20250717 09:30:10.079000,625231,6800,427377,3.4,NQNX,12544
BTG,20250717 09:30:10.080000,625256,6100,455177,3.4,NQNX,12544
BTG,20250717 09:30:10.080000,625253,6800,441677,3.4,BATS,12544
BTG,20250717 09:30:10.080000,625250,700,434877,3.4,NQNX,12544
BTG,20250717 09:30:10.080000,625249,6800,434177,3.4,NQNX,12544
BTG,20250717 09:30:10.080000,625254,600,442277,3.4,EDGX,12544
BTG,20250717 09:30:10.080000,625255,6800,449077,3.4,EDGX,12544
BTG,20250717 09:30:10.081000,625257,6550,461727,3.4,PACF,12544
BTG,20250717 09:30:10.081000,625258,1000,462727,3.4,PACF,12544
BTG,20250717 09:30:10.081000,625263,1700,464427,3.4,NQEX,12544
BTG,20250717 09:30:10.081000,625266,4500,481527,3.4,BATY,12639
BTG,20250717 09:30:10.081000,625265,6800,477027,3.4,BOST,12544
BTG,20250717 09:30:10.081000,625264,5800,470227,3.4,NQEX,12544
BTG,20250717 09:30:10.081000,625267,6800,488327,3.4,EDGE,12544
BTG,20250717 09:30:10.081000,625268,4500,492827,3.4,EDGE,12544
BTG,20250717 09:30:10.082000,625284,4500,497327,3.4,IEX,12544
BTG,20250717 09:30:10.082000,625285,5700,503027,3.4,IEX,12544
BTG,20250717 09:30:10.087000,625312,1400,504427,3.4,NQNX,12544
BTG,20250717 09:30:10.088000,625313,3100,507527,3.4,NQNX,12544
BTG,20250717 09:30:10.101000,625406,6800,514327,3.4,NQNX,12544
BTG,20250717 09:30:10.681000,626575,6800,521127,3.4,NYSE,12544
BTG,20250717 09:30:10.682000,626582,4500,553727,3.4,BOST,12544
BTG,20250717 09:30:10.682000,626581,1000,549227,3.4,NQEX,12544
BTG,20250717 09:30:10.682000,626580,4500,548227,3.4,BATY,12639
BTG,20250717 09:30:10.682000,626584,6800,567327,3.4,MEMX,12544
BTG,20250717 09:30:10.682000,626579,6800,543727,3.4,AMEX,12544
BTG,20250717 09:30:10.682000,626578,6800,536927,3.4,EDGX,12544
BTG,20250717 09:30:10.682000,626577,4500,530127,3.4,EDGE,12544
BTG,20250717 09:30:10.682000,626576,4500,525627,3.4,EDGE,12544
BTG,20250717 09:30:10.682000,626583,6800,560527,3.4,BATS,12544
BTG,20250717 09:30:10.683000,626586,4500,576327,3.4,IEX,12544
BTG,20250717 09:30:10.683000,626587,4500,580827,3.4,CHIC,12544
BTG,20250717 09:30:10.683000,626585,4500,571827,3.4,MIAX,12544
BTG,20250717 09:30:11.288000,628002,6800,587627,3.4,NQNX,12544
BTG,20250717 09:30:12.332000,630382,75,591885,3.4,AMEX,12659
BTG,20250717 09:30:12.332000,630383,50,591935,3.4,AMEX,12659
BTG,20250717 09:30:12.332000,630384,4,591939,3.4,AMEX,12659
BTG,20250717 09:30:12.332000,630385,25,591964,3.4,AMEX,12659
BTG,20250717 09:30:12.332000,630386,25,591989,3.4,AMEX,12659
BTG,20250717 09:30:12.332000,630402,200,607028,3.4,BATS,12639
BTG,20250717 09:30:12.332000,630387,500,592489,3.4,AMEX,12639
BTG,20250717 09:30:12.332000,630366,250,588209,3.4,PACF,12639
BTG,20250717 09:30:12.332000,630381,1,591810,3.4,AMEX,12659
BTG,20250717 09:30:12.332000,630380,2000,591809,3.4,AMEX,12639
BTG,20250717 09:30:12.332000,630374,2,589445,3.4,AMEX,12659
BTG,20250717 09:30:12.332000,630375,200,589645,3.4,AMEX,12639
BTG,20250717 09:30:12.332000,630376,10,589655,3.4,AMEX,12659
BTG,20250717 09:30:12.332000,630403,2500,609528,3.4,BATS,12639
BTG,20250717 09:30:12.332000,630377,150,589805,3.4,AMEX,12639
BTG,20250717 09:30:12.332000,630378,1,589806,3.4,AMEX,12659
BTG,20250717 09:30:12.332000,630379,3,589809,3.4,AMEX,12659
BTG,20250717 09:30:12.332000,630393,20,592918,3.4,AMEX,12659
BTG,20250717 09:30:12.332000,630392,300,592898,3.4,AMEX,12639
BTG,20250717 09:30:12.332000,630391,3,592598,3.4,AMEX,12659
BTG,20250717 09:30:12.332000,630394,200,593118,3.4,AMEX,12639
BTG,20250717 09:30:12.332000,630389,1,592590,3.4,AMEX,12659
BTG,20250717 09:30:12.332000,630388,100,592589,3.4,AMEX,12639
BTG,20250717 09:30:12.332000,630390,5,592595,3.4,AMEX,12659
BTG,20250717 09:30:12.332000,630395,10,593128,3.4,AMEX,12659
BTG,20250717 09:30:12.332000,630401,100,606828,3.4,BATS,12639
BTG,20250717 09:30:12.332000,630367,100,588309,3.4,PACF,12639
BTG,20250717 09:30:12.332000,630368,300,588609,3.4,PACF,12639
BTG,20250717 09:30:12.332000,630369,300,588909,3.4,AMEX,12639
BTG,20250717 09:30:12.332000,630370,100,589009,3.4,AMEX,12639
BTG,20250717 09:30:12.332000,630371,234,589243,3.4,AMEX,12639
BTG,20250717 09:30:12.332000,630372,100,589343,3.4,AMEX,12639
BTG,20250717 09:30:12.332000,630373,100,589443,3.4,AMEX,12639
BTG,20250717 09:30:12.332000,630396,100,593228,3.4,AMEX,12639
BTG,20250717 09:30:12.332000,630365,32,587959,3.4,PACF,12659
BTG,20250717 09:30:12.332000,630364,268,587927,3.4,PACF,12639
BTG,20250717 09:30:12.332000,630363,2,587659,3.4,PACF,12659
BTG,20250717 09:30:12.332000,630398,100,594328,3.4,AMEX,12639
BTG,20250717 09:30:12.332000,630362,30,587657,3.4,PACF,12659
BTG,20250717 09:30:12.332000,630399,11600,605928,3.4,AMEX,12639
BTG,20250717 09:30:12.332000,630400,800,606728,3.4,BATS,12639
BTG,20250717 09:30:12.332000,630397,1000,594228,3.4,AMEX,12639
BTG,20250717 09:30:12.333000,630428,100,612137,3.4,NQEX,12639
BTG,20250717 09:30:12.333000,630427,100,612037,3.4,NQEX,12639
BTG,20250717 09:30:12.333000,630429,400,612537,3.4,NQEX,12639
BTG,20250717 09:30:12.333000,630430,58,612595,3.4,MIAX,12659
BTG,20250717 09:30:12.333000,630431,100,612695,3.4,MIAX,12639
BTG,20250717 09:30:12.333000,630432,200,612895,3.4,MIAX,12639
BTG,20250717 09:30:12.333000,630433,1000,613895,3.4,MIAX,12639
BTG,20250717 09:30:12.333000,630434,200,614095,3.4,MIAX,12639
BTG,20250717 09:30:12.333000,630412,3,609854,3.4,MEMX,12659
BTG,20250717 09:30:12.333000,630426,300,611937,3.4,NQEX,12639
BTG,20250717 09:30:12.333000,630435,10,614105,3.4,MIAX,12659
BTG,20250717 09:30:12.333000,630424,399,611537,3.4,NQEX,12639
BTG,20250717 09:30:12.333000,630423,200,611138,3.4,IEX,12544
BTG,20250717 09:30:12.333000,630422,200,610938,3.4,IEX,12544
BTG,20250717 09:30:12.333000,630421,100,610738,3.4,IEX,12544
BTG,20250717 09:30:12.333000,630420,100,610638,3.4,EDGX,12639
BTG,20250717 09:30:12.333000,630419,29,610538,3.4,EDGX,12659
BTG,20250717 09:30:12.333000,630418,100,610509,3.4,EDGX,12639
BTG,20250717 09:30:12.333000,630417,1,610409,3.4,EDGX,12659
BTG,20250717 09:30:12.333000,630416,100,610408,3.4,EDGX,12639
BTG,20250717 09:30:12.333000,630425,100,611637,3.4,IEX,12544
BTG,20250717 09:30:12.333000,630415,4,610308,3.4,MEMX,12659
BTG,20250717 09:30:12.333000,630407,3,609585,3.4,MEMX,12659
BTG,20250717 09:30:12.333000,630409,250,609836,3.4,MEMX,12639
BTG,20250717 09:30:12.333000,630406,25,609582,3.4,MEMX,12659
BTG,20250717 09:30:12.333000,630405,20,609557,3.4,MEMX,12659
BTG,20250717 09:30:12.333000,630404,9,609537,3.4,MEMX,12659
BTG,20250717 09:30:12.333000,630408,1,609586,3.4,MEMX,12659
BTG,20250717 09:30:12.333000,630410,10,609846,3.4,MEMX,12659
BTG,20250717 09:30:12.333000,630411,5,609851,3.4,MEMX,12659
BTG,20250717 09:30:12.333000,630414,200,610304,3.4,MEMX,12639
BTG,20250717 09:30:12.333000,630413,250,610104,3.4,MEMX,12639
BTG,20250717 09:30:12.335000,630443,5700,653805,3.39,IEX,12544
BTG,20250717 09:30:12.335000,630442,6800,648105,3.39,NQEX,12544
BTG,20250717 09:30:12.335000,630437,2200,616305,3.39,EDGX,12544
BTG,20250717 09:30:12.335000,630438,4600,620905,3.39,EDGX,12544
BTG,20250717 09:30:12.335000,630441,6800,641305,3.39,NYSE,12544
BTG,20250717 09:30:12.335000,630440,6800,634505,3.39,NQNX,12544
BTG,20250717 09:30:12.335000,630439,6800,627705,3.39,PACF,12544
BTG,20250717 09:30:12.336000,630447,1601,656506,3.39,NQNX,12544
BTG,20250717 09:30:12.336000,630444,1100,654905,3.39,IEX,12544
BTG,20250717 09:30:12.337000,630449,2600,659106,3.39,NQNX,12544
BTG,20250717 09:30:12.339000,630452,1,659503,3.39,NQNX,12659
BTG,20250717 09:30:12.339000,630451,396,659502,3.39,NQNX,12544
BTG,20250717 09:30:12.340000,630463,100,659603,3.39,NQNX,12544
BTG,20250717 09:30:12.341000,630468,300,659903,3.39,NQNX,12544
BTG,20250717 09:30:12.341000,630469,300,660203,3.39,NQNX,12544
BTG,20250717 09:30:12.342000,630471,3,660256,3.39,NQNX,12659
BTG,20250717 09:30:12.342000,630472,6800,667056,3.39,NQNX,12544
BTG,20250717 09:30:12.342000,630470,50,660253,3.39,NTRF,12659
BTG,20250717 09:30:12.343000,630474,4500,671616,3.39,NQNX,12544
BTG,20250717 09:30:12.343000,630473,60,667116,3.39,NQNX,12659
BTG,20250717 09:30:12.347000,630475,2147,673763,3.39,NQNX,12544
BTG,20250717 09:30:12.347000,630477,700,674476,3.39,NQNX,12544
BTG,20250717 09:30:12.347000,630476,13,673776,3.39,NQNX,12659
BTG,20250717 09:30:12.348000,630479,6100,680576,3.39,NQNX,12544
BTG,20250717 09:30:12.484000,630831,1800,682376,3.39,NQNX,12544
BTG,20250717 09:30:12.488000,630833,847,683223,3.39,NQNX,12544
BTG,20250717 09:30:12.498000,630840,3000,686223,3.39,NQNX,12544
BTG,20250717 09:30:12.502000,630841,300,686523,3.39,NQNX,12544
BTG,20250717 09:30:12.521000,630853,1000,687523,3.39,NQNX,12544
BTG,20250717 09:30:13.003000,631256,800,688523,3.39,BATS,12639
BTG,20250717 09:30:13.003000,631257,100,688623,3.39,BATS,12639
BTG,20250717 09:30:13.003000,631258,300,688923,3.39,NQEX,12639
BTG,20250717 09:30:13.003000,631260,29,689052,3.39,NQEX,12659
BTG,20250717 09:30:13.003000,631259,100,689023,3.39,NQEX,12639
BTG,20250717 09:30:13.003000,631255,200,687723,3.39,BATS,12639
BTG,20250717 09:30:13.032000,631273,100,690252,3.39,PACF,12639
BTG,20250717 09:30:13.032000,631272,100,690152,3.39,PACF,12639
BTG,20250717 09:30:13.032000,631275,15,690297,3.39,PACF,12659
BTG,20250717 09:30:13.032000,631276,100,690397,3.39,PACF,12639
BTG,20250717 09:30:13.032000,631271,1000,690052,3.39,PACF,12639
BTG,20250717 09:30:13.032000,631277,100,690497,3.39,PACF,12639
BTG,20250717 09:30:13.032000,631278,255,690752,3.39,PACF,12639
BTG,20250717 09:30:13.032000,631274,30,690282,3.39,PACF,12659
BTG,20250717 09:30:13.033000,631279,200,690952,3.39,IEX,12544
BTG,20250717 09:30:13.033000,631280,100,691052,3.39,IEX,12544
BTG,20250717 09:30:13.106000,631387,100,691152,3.39,AMEX,12639
BTG,20250717 09:30:13.107000,631388,50,691202,3.39,NQNX,12659
BTG,20250717 09:30:13.193000,631500,55,691257,3.39,PACF,12659
BTG,20250717 09:30:13.193000,631501,29,691286,3.39,EDGX,12659
BTG,20250717 09:30:13.423000,631766,500,691786,3.39,NQNX,12544
BTG,20250717 09:30:13.423000,631767,1000,692786,3.39,NQNX,12544
BTG,20250717 09:30:13.620000,631939,828,693914,3.4,NQNX,12544
BTG,20250717 09:30:13.620000,631938,300,693086,3.39,NQNX,12544
BTG,20250717 09:30:14.247000,632918,100,694014,3.39,PACF,12639
BTG,20250717 09:30:14.248000,632922,123,694637,3.39,NQNX,12544
BTG,20250717 09:30:14.248000,632921,100,694514,3.39,IEX,12544
BTG,20250717 09:30:14.248000,632920,200,694414,3.39,IEX,12544
BTG,20250717 09:30:14.248000,632919,200,694214,3.39,IEX,12544
BTG,20250717 09:30:16.366000,635667,100,694737,3.39,IEX,12544
BTG,20250717 09:30:18.085000,637627,23,694760,3.39,IEX,12659
BTG,20250717 09:30:18.085000,637628,200,694960,3.39,IEX,12544
BTG,20250717 09:30:18.085000,637629,77,695037,3.39,IEX,12659
BTG,20250717 09:30:20.290000,639733,100,695137,3.39,IEX,12544
BTG,20250717 09:30:22.683000,641328,100,695237,3.39,IEX,12544
BTG,20250717 09:30:22.683000,641329,100,695337,3.39,IEX,12544
BTG,20250717 09:30:22.683000,641330,100,695437,3.39,IEX,12544
BTG,20250717 09:30:23.533000,642224,1000,696437,3.39,NQNX,12544
BTG,20250717 09:30:24.706000,643317,100,696537,3.39,PACF,12639
BTG,20250717 09:30:24.759000,643331,10000,706537,3.4,NQNX,12544
BTG,20250717 09:30:27.024000,645148,100,706637,3.39,IEX,12544
BTG,20250717 09:30:28.774000,646441,100,706737,3.39,IEX,12544
BTG,20250717 09:30:31.946000,649790,23,706760,3.39,NQNX,12659
BTG,20250717 09:30:32.671000,650285,2,706762,3.39,NQNX,12659
BTG,20250717 09:30:32.969000,650492,1,706763,3.39,NQNX,12659
BTG,20250717 09:30:37.743000,654016,300,723600,3.39,NQEX,12544
BTG,20250717 09:30:37.743000,654020,200,724100,3.39,IEX,12544
BTG,20250717 09:30:37.743000,654014,500,721600,3.39,NQEX,12544
BTG,20250717 09:30:37.743000,654015,1700,723300,3.39,NQEX,12544
BTG,20250717 09:30:37.743000,654031,437,731775,3.39,PACF,12639
BTG,20250717 09:30:37.743000,654019,100,723900,3.39,IEX,12544
BTG,20250717 09:30:37.743000,654018,100,723800,3.39,IEX,12544
BTG,20250717 09:30:37.743000,654017,100,723700,3.39,IEX,12544
BTG,20250717 09:30:37.743000,654026,300,726177,3.39,NQEX,12544
BTG,20250717 09:30:37.743000,654025,250,725877,3.39,NQEX,12544
BTG,20250717 09:30:37.743000,654024,227,725627,3.39,NQEX,12544
BTG,20250717 09:30:37.743000,654023,200,725400,3.39,NQEX,12544
BTG,20250717 09:30:37.743000,654022,1000,725200,3.39,IEX,12544
BTG,20250717 09:30:37.743000,654021,100,724200,3.39,IEX,12544
BTG,20250717 09:30:37.743000,654028,250,726444,3.39,PACF,12639
BTG,20250717 09:30:37.743000,654029,1694,728138,3.39,PACF,12639
BTG,20250717 09:30:37.743000,654030,3200,731338,3.39,PACF,12639
BTG,20250717 09:30:37.743000,654027,17,726194,3.39,NYSE,12659
BTG,20250717 09:30:37.743000,654013,300,721100,3.39,EDGX,12544
BTG,20250717 09:30:37.743000,654012,371,720800,3.39,EDGX,12544
BTG,20250717 09:30:37.743000,654001,50,708991,3.39,AMEX,12659
BTG,20250717 09:30:37.743000,654000,15,708941,3.39,AMEX,12659
BTG,20250717 09:30:37.743000,653999,3,708926,3.39,AMEX,12659
BTG,20250717 09:30:37.743000,653998,10,708923,3.39,AMEX,12659
BTG,20250717 09:30:37.743000,653997,250,708913,3.39,PACF,12544
BTG,20250717 09:30:37.743000,653996,100,708663,3.39,PACF,12544
BTG,20250717 09:30:37.743000,653995,300,708563,3.39,PACF,12544
BTG,20250717 09:30:37.743000,654032,407,732182,3.39,PACF,12639
BTG,20250717 09:30:37.743000,653994,1000,708263,3.39,PACF,12544
BTG,20250717 09:30:37.743000,654002,100,709091,3.39,AMEX,12544
BTG,20250717 09:30:37.743000,654003,6000,715091,3.39,AMEX,12544
BTG,20250717 09:30:37.743000,654011,600,720429,3.39,EDGX,12544
BTG,20250717 09:30:37.743000,654010,2000,719829,3.39,MEMX,12544
BTG,20250717 09:30:37.743000,654009,800,717829,3.39,BATS,12544
BTG,20250717 09:30:37.743000,654008,1800,717029,3.39,AMEX,12544
BTG,20250717 09:30:37.743000,654007,100,715229,3.39,AMEX,12544
BTG,20250717 09:30:37.743000,654006,6,715129,3.39,AMEX,12659
BTG,20250717 09:30:37.743000,654005,7,715123,3.39,AMEX,12659
BTG,20250717 09:30:37.743000,654004,25,715116,3.39,AMEX,12659
BTG,20250717 09:30:37.743000,653993,500,707263,3.39,PACF,12544
BTG,20250717 09:30:37.743000,654034,100,732741,3.39,MIAX,12544
BTG,20250717 09:30:37.743000,654035,100,732841,3.39,MIAX,12544
BTG,20250717 09:30:37.743000,654033,459,732641,3.39,PACF,12639
BTG,20250717 09:30:37.743000,654036,155,732996,3.39,NQNX,12544
BTG,20250717 09:30:37.744000,654037,600,733596,3.39,NQEX,12544
BTG,20250717 09:30:37.750000,654042,100,735433,3.39,MIAX,12544
BTG,20250717 09:30:37.750000,654038,100,733696,3.39,MEMX,12544
BTG,20250717 09:30:37.750000,654041,100,735333,3.39,MEMX,12544
BTG,20250717 09:30:37.750000,654040,1100,735233,3.39,MEMX,12544
BTG,20250717 09:30:37.750000,654039,437,734133,3.39,MEMX,12544
BTG,20250717 09:30:37.758000,654046,359,735792,3.39,MIAX,12544
BTG,20250717 09:30:37.758000,654047,100,735892,3.39,MIAX,12544
BTG,20250717 09:30:37.761000,654049,800,736692,3.39,PACF,12544
BTG,20250717 09:30:37.761000,654050,3100,739792,3.39,PACF,12544
BTG,20250717 09:30:37.761000,654055,2500,745192,3.39,NYSE,12544
BTG,20250717 09:30:37.761000,654053,800,742603,3.39,PACF,12544
BTG,20250717 09:30:37.761000,654054,89,742692,3.39,PACF,12659
BTG,20250717 09:30:37.761000,654052,300,741803,3.39,PACF,12544
BTG,20250717 09:30:37.761000,654051,1711,741503,3.39,PACF,12544
BTG,20250717 09:30:37.762000,654062,900,748786,3.39,NQEX,12544
BTG,20250717 09:30:37.762000,654059,700,747359,3.39,BATS,12544
BTG,20250717 09:30:37.762000,654066,145,749959,3.39,IEX,12544
BTG,20250717 09:30:37.762000,654061,227,747886,3.39,NQEX,12544
BTG,20250717 09:30:37.762000,654060,300,747659,3.39,NQEX,12544
BTG,20250717 09:30:37.762000,654057,67,746059,3.39,EDGX,12659
BTG,20250717 09:30:37.762000,654058,600,746659,3.39,BATS,12544
BTG,20250717 09:30:37.762000,654056,800,745992,3.39,BATS,12544
BTG,20250717 09:30:37.762000,654064,155,749214,3.39,IEX,12544
BTG,20250717 09:30:37.762000,654065,600,749814,3.39,IEX,12544
BTG,20250717 09:30:37.762000,654063,273,749059,3.39,NQEX,12544
BTG,20250717 09:30:37.763000,654068,500,750459,3.39,PACF,12544
BTG,20250717 09:30:38.321000,654694,200,750659,3.39,NQNX,12544
BTG,20250717 09:30:38.322000,654695,123,750782,3.39,NQNX,12544
BTG,20250717 09:30:39.024000,655248,100,750882,3.39,IEX,12544
BTG,20250717 09:30:39.025000,655249,200,751082,3.39,NQNX,12544
BTG,20250717 09:30:39.032000,655254,100,751182,3.39,NQNX,12544
BTG,20250717 09:30:40.380000,656894,11533,762715,3.39,NQNX,12544
BTG,20250717 09:30:41.430000,657934,100,762815,3.39,CINC,12639
BTG,20250717 09:30:41.438000,657957,100,762915,3.39,NQNX,12544
BTG,20250717 09:30:42.047000,658652,2,762917,3.39,NQNX,12659
BTG,20250717 09:30:42.920000,659268,100,763017,3.39,NQNX,12544
BTG,20250717 09:30:43.223000,659526,300,763517,3.39,IEX,12544
BTG,20250717 09:30:43.223000,659525,200,763217,3.39,CINC,12639
BTG,20250717 09:30:43.225000,659527,500,764017,3.39,NQNX,12544
BTG,20250717 09:30:43.225000,659528,5,764022,3.38,NQNX,12659
BTG,20250717 09:30:43.233000,659563,250,778520,3.39,NQEX,12544
BTG,20250717 09:30:43.233000,659562,300,778270,3.39,NQEX,12544
BTG,20250717 09:30:43.233000,659566,100,779120,3.39,NQEX,12544
BTG,20250717 09:30:43.233000,659565,100,779020,3.39,NQEX,12544
BTG,20250717 09:30:43.233000,659564,400,778920,3.39,NQEX,12544
BTG,20250717 09:30:43.233000,659567,100,779220,3.39,PACF,12544
BTG,20250717 09:30:43.233000,659576,300,782620,3.39,EDGX,12544
BTG,20250717 09:30:43.233000,659575,300,782320,3.39,PACF,12544
BTG,20250717 09:30:43.233000,659574,300,782020,3.39,NQEX,12544
BTG,20250717 09:30:43.233000,659568,300,779520,3.39,PACF,12544
BTG,20250717 09:30:43.233000,659573,300,781720,3.39,NQEX,12544
BTG,20250717 09:30:43.233000,659572,800,781420,3.39,BATS,12544
BTG,20250717 09:30:43.233000,659570,800,780620,3.39,BATS,12544
BTG,20250717 09:30:43.233000,659569,300,779820,3.39,EDGX,12544
BTG,20250717 09:30:43.233000,659561,250,777970,3.39,NQEX,12544
BTG,20250717 09:30:43.233000,659536,250,765272,3.39,PACF,12544
BTG,20250717 09:30:43.233000,659538,400,766472,3.39,EDGX,12544
BTG,20250717 09:30:43.233000,659539,100,766572,3.39,EDGX,12544
BTG,20250717 09:30:43.233000,659540,400,766972,3.39,PACF,12544
BTG,20250717 09:30:43.233000,659541,250,767222,3.39,MEMX,12544
BTG,20250717 09:30:43.233000,659542,250,767472,3.39,MEMX,12544
BTG,20250717 09:30:43.233000,659543,100,767572,3.39,MEMX,12544
BTG,20250717 09:30:43.233000,659544,3900,771472,3.39,PACF,12544
BTG,20250717 09:30:43.233000,659547,400,774120,3.39,BATS,12544
BTG,20250717 09:30:43.233000,659545,1000,772472,3.39,NYSE,12544
BTG,20250717 09:30:43.233000,659557,400,777720,3.39,IEX,12544
BTG,20250717 09:30:43.233000,659535,300,765022,3.39,EDGX,12544
BTG,20250717 09:30:43.233000,659556,400,777320,3.39,IEX,12544
BTG,20250717 09:30:43.233000,659555,100,776920,3.39,IEX,12544
BTG,20250717 09:30:43.233000,659554,400,776820,3.39,AMEX,12544
BTG,20250717 09:30:43.233000,659553,100,776420,3.39,PACF,12544
BTG,20250717 09:30:43.233000,659546,1248,773720,3.39,PACF,12544
BTG,20250717 09:30:43.233000,659552,400,776320,3.39,PACF,12544
BTG,20250717 09:30:43.233000,659551,100,775920,3.39,AMEX,12544
BTG,20250717 09:30:43.233000,659550,1000,775820,3.39,PACF,12544
BTG,20250717 09:30:43.233000,659549,300,774820,3.39,PACF,12544
BTG,20250717 09:30:43.233000,659548,400,774520,3.39,BATS,12544
BTG,20250717 09:30:43.233000,659533,200,764222,3.39,EDGX,12544
BTG,20250717 09:30:43.233000,659534,500,764722,3.39,BATS,12544
BTG,20250717 09:30:43.233000,659537,800,766072,3.39,BATS,12544
BTG,20250717 09:30:43.234000,659579,100,783120,3.39,NQEX,12544
BTG,20250717 09:30:43.234000,659580,300,783420,3.39,NQEX,12544
BTG,20250717 09:30:43.234000,659581,800,784220,3.39,BATS,12544
BTG,20250717 09:30:43.234000,659583,300,784820,3.39,NQEX,12544
BTG,20250717 09:30:43.234000,659577,300,782920,3.39,PACF,12544
BTG,20250717 09:30:43.234000,659578,100,783020,3.39,PACF,12544
BTG,20250717 09:30:43.234000,659582,300,784520,3.39,EDGX,12544
BTG,20250717 09:30:44.685000,660581,1,784821,3.39,PACF,12659
BTG,20250717 09:30:44.686000,660588,300,788021,3.39,NQEX,12639
BTG,20250717 09:30:44.686000,660586,300,786921,3.39,EDGX,12639
BTG,20250717 09:30:44.686000,660587,800,787721,3.39,BATS,12544
BTG,20250717 09:30:44.686000,660590,300,788621,3.39,NQEX,12544
BTG,20250717 09:30:44.686000,660591,800,789421,3.39,BATS,12544
BTG,20250717 09:30:44.686000,660592,300,789721,3.39,NQEX,12544
BTG,20250717 09:30:44.686000,660589,300,788321,3.39,EDGX,12544
BTG,20250717 09:30:44.686000,660585,400,786621,3.39,IEX,12544
BTG,20250717 09:30:44.686000,660584,800,786221,3.39,BATS,12639
BTG,20250717 09:30:44.686000,660583,300,785421,3.39,EDGX,12544
BTG,20250717 09:30:44.686000,660582,300,785121,3.39,PACF,12639
BTG,20250717 09:30:45.598000,661461,2200,791921,3.39,NQNX,12544
BTG,20250717 09:30:46.146000,661928,100,792021,3.39,NQNX,12544
BTG,20250717 09:30:46.150000,661930,100,792121,3.4,NQNX,12544
BTG,20250717 09:30:46.177000,662080,450,792571,3.39,NTRF,12544
BTG,20250717 09:30:49.973000,664909,2,792573,3.39,NQNX,12659
BTG,20250717 09:30:50.173000,664969,2,792575,3.39,NQNX,12659
BTG,20250717 09:30:50.649000,665371,146,792721,3.39,NQNX,12544
BTG,20250717 09:30:51.025000,665788,1,792722,3.4,NQNX,12659
BTG,20250717 09:30:54.029000,668272,20000,812722,3.39,NQNX,12544
BTG,20250717 09:30:54.537000,668640,25,812747,3.39,NQNX,12659
BTG,20250717 09:30:55.999000,669711,33,812780,3.39,NQNX,12659
BTG,20250717 09:30:56.477000,669898,295,813075,3.39,NQNX,12544
BTG,20250717 09:31:01.998000,675933,711,813786,3.39,BATS,12639
BTG,20250717 09:31:02.276000,676365,300,814086,3.4,NQNX,12544
BTG,20250717 09:31:02.279000,676366,601,814687,3.4,NQNX,12544
BTG,20250717 09:31:03.362000,677288,1000,815687,3.39,NTRF,12544
BTG,20250717 09:31:04.302000,678687,400,816087,3.4,NQNX,12544
BTG,20250717 09:31:04.362000,678725,200,833087,3.4,BATS,12639
BTG,20250717 09:31:04.362000,678732,200,835487,3.4,BATS,12639
BTG,20250717 09:31:04.362000,678734,1600,837187,3.4,BATS,12639
BTG,20250717 09:31:04.362000,678735,100,837287,3.4,NQEX,12639
BTG,20250717 09:31:04.362000,678716,100,816487,3.4,PACF,12639
BTG,20250717 09:31:04.362000,678717,250,816737,3.4,PACF,12639
BTG,20250717 09:31:04.362000,678718,13700,830437,3.4,PACF,12639
BTG,20250717 09:31:04.362000,678719,100,830537,3.4,PACF,12639
BTG,20250717 09:31:04.362000,678737,500,837887,3.4,MEMX,12639
BTG,20250717 09:31:04.362000,678736,100,837387,3.4,MEMX,12544
BTG,20250717 09:31:04.362000,678731,250,835287,3.4,MEMX,12639
BTG,20250717 09:31:04.362000,678715,300,816387,3.4,PACF,12639
BTG,20250717 09:31:04.362000,678733,100,835587,3.4,NQEX,12639
BTG,20250717 09:31:04.362000,678728,1400,834687,3.4,MEMX,12639
BTG,20250717 09:31:04.362000,678729,100,834787,3.4,MEMX,12639
BTG,20250717 09:31:04.362000,678726,100,833187,3.4,EDGX,12639
BTG,20250717 09:31:04.362000,678730,250,835037,3.4,MEMX,12639
BTG,20250717 09:31:04.362000,678723,800,832587,3.4,BATS,12639
BTG,20250717 09:31:04.362000,678720,800,831337,3.4,NQEX,12639
BTG,20250717 09:31:04.362000,678724,300,832887,3.4,EDGX,12639
BTG,20250717 09:31:04.362000,678721,200,831537,3.4,NQEX,12639
BTG,20250717 09:31:04.362000,678722,250,831787,3.4,EDGX,12639
BTG,20250717 09:31:04.362000,678727,100,833287,3.4,BATS,12639
BTG,20250717 09:31:06.330000,682552,223,838110,3.4,NQNX,12544
BTG,20250717 09:31:06.618000,683080,250,838360,3.4,MEMX,12544
BTG,20250717 09:31:06.635000,683120,250,839610,3.4,EDGX,12639
BTG,20250717 09:31:06.635000,683119,600,839360,3.4,EDGX,12639
BTG,20250717 09:31:06.635000,683118,400,838760,3.4,EDGX,12639
BTG,20250717 09:31:06.636000,683121,1068,840678,3.39,EDGX,12544
BTG,20250717 09:31:06.697000,683481,300,840978,3.39,NQNX,12544
BTG,20250717 09:31:08.803000,685501,100,841178,3.4,NQNX,12544
BTG,20250717 09:31:08.803000,685500,100,841078,3.4,NQNX,12544
BTG,20250717 09:31:09.832000,686788,400,841578,3.4,NQNX,12544
BTG,20250717 09:31:10.832000,688237,500,842078,3.4,NQNX,12544
BTG,20250717 09:31:13.550000,691727,23,842101,3.39,NQNX,12659
BTG,20250717 09:31:14.414000,692995,20,842121,3.39,NQNX,12659
BTG,20250717 09:31:27.272000,707033,200,842321,3.39,CINC,12639
BTG,20250717 09:31:27.293000,707047,75,842421,3.39,CINC,12659
BTG,20250717 09:31:27.293000,707046,25,842346,3.39,IEX,12659
BTG,20250717 09:31:29.145000,708868,8800,851221,3.39,NQNX,12544
BTG,20250717 09:31:30.083000,709613,300,856753,3.39,NQEX,12639
BTG,20250717 09:31:30.083000,709606,544,855365,3.39,EDGX,12639
BTG,20250717 09:31:30.083000,709614,100,856853,3.39,NQEX,12639
BTG,20250717 09:31:30.083000,709612,300,856453,3.39,NQEX,12639
BTG,20250717 09:31:30.083000,709611,100,856153,3.39,PHIL,12639
BTG,20250717 09:31:30.083000,709610,100,856053,3.39,NQNX,12544
BTG,20250717 09:31:30.083000,709602,100,854021,3.39,BATS,12639
BTG,20250717 09:31:30.083000,709601,800,853921,3.39,BATS,12639
BTG,20250717 09:31:30.083000,709600,500,853121,3.39,BATS,12639
BTG,20250717 09:31:30.083000,709604,56,854377,3.39,EDGX,12659
BTG,20250717 09:31:30.083000,709599,1000,852621,3.39,BATS,12639
BTG,20250717 09:31:30.083000,709605,444,854821,3.39,NQNX,12544
BTG,20250717 09:31:30.083000,709598,100,851621,3.39,PACF,12639
BTG,20250717 09:31:30.083000,709597,300,851521,3.39,PACF,12639
BTG,20250717 09:31:30.083000,709607,300,855665,3.39,EDGX,12639
BTG,20250717 09:31:30.083000,709608,100,855765,3.39,EDGX,12639
BTG,20250717 09:31:30.083000,709609,188,855953,3.39,EDGX,12639
BTG,20250717 09:31:30.083000,709603,300,854321,3.39,AMEX,12639
BTG,20250717 09:31:30.084000,709616,200,857121,3.39,IEX,12544
BTG,20250717 09:31:30.084000,709615,68,856921,3.39,IEX,12659
BTG,20250717 09:31:30.089000,709661,600,857721,3.38,PACF,12544
BTG,20250717 09:31:30.754000,710351,200,857921,3.38,NQNX,12544
BTG,20250717 09:31:31.217000,711117,300,858221,3.38,NQNX,12544
BTG,20250717 09:31:31.218000,711120,66,858887,3.38,NQNX,12659
BTG,20250717 09:31:31.218000,711121,65,858952,3.38,NQNX,12659
BTG,20250717 09:31:31.218000,711119,300,858821,3.38,NQNX,12544
BTG,20250717 09:31:31.218000,711118,300,858521,3.38,NQNX,12544
BTG,20250717 09:31:31.220000,711129,600,863485,3.38,EDGX,12544
BTG,20250717 09:31:31.220000,711130,600,864085,3.38,PACF,12544
BTG,20250717 09:31:31.220000,711123,100,859052,3.38,NQNX,12544
BTG,20250717 09:31:31.220000,711124,1700,860752,3.38,NQEX,12544
BTG,20250717 09:31:31.220000,711126,1000,861752,3.38,PACF,12544
BTG,20250717 09:31:31.220000,711127,600,862352,3.38,PACF,12544
BTG,20250717 09:31:31.220000,711128,533,862885,3.38,NQNX,12544
BTG,20250717 09:31:31.221000,711132,1,864146,3.38,NQNX,12659
BTG,20250717 09:31:31.221000,711133,1,864147,3.38,NQNX,12659
BTG,20250717 09:31:31.221000,711131,60,864145,3.38,NQNX,12659
BTG,20250717 09:31:31.222000,711134,10,864157,3.38,NQNX,12659
BTG,20250717 09:31:31.222000,711135,5,864162,3.38,NQNX,12659
BTG,20250717 09:31:31.223000,711137,83,864285,3.38,NQNX,12659
BTG,20250717 09:31:31.223000,711136,40,864202,3.38,NQNX,12659
BTG,20250717 09:31:31.224000,711139,300,864602,3.38,NQNX,12544
BTG,20250717 09:31:31.224000,711138,17,864302,3.38,NQNX,12659
BTG,20250717 09:31:31.224000,711141,300,864902,3.38,NQNX,12544
BTG,20250717 09:31:31.226000,711143,2272,867957,3.38,NQNX,12544
BTG,20250717 09:31:31.226000,711142,783,865685,3.38,NQNX,12544
BTG,20250717 09:31:31.231000,711190,500,898565,3.38,EDGX,12639
BTG,20250717 09:31:31.231000,711189,200,898065,3.38,MEMX,12639
BTG,20250717 09:31:31.231000,711188,600,897865,3.38,MEMX,12639
BTG,20250717 09:31:31.231000,711213,700,911773,3.38,NYSE,12639
BTG,20250717 09:31:31.231000,711210,300,909673,3.38,NQEX,12639
BTG,20250717 09:31:31.231000,711211,600,910273,3.38,NQEX,12639
BTG,20250717 09:31:31.231000,711212,800,911073,3.38,BATS,12639
BTG,20250717 09:31:31.231000,711209,300,909373,3.38,NQEX,12639
BTG,20250717 09:31:31.231000,711214,400,912173,3.38,IEX,12544
BTG,20250717 09:31:31.231000,711187,250,897265,3.38,MEMX,12639
BTG,20250717 09:31:31.231000,711168,368,890712,3.38,PACF,12639
BTG,20250717 09:31:31.231000,711169,100,890812,3.38,AMEX,12639
BTG,20250717 09:31:31.231000,711170,100,890912,3.38,AMEX,12639
BTG,20250717 09:31:31.231000,711171,700,891612,3.38,AMEX,12639
BTG,20250717 09:31:31.231000,711172,87,891699,3.38,EDGX,12659
BTG,20250717 09:31:31.231000,711173,200,891899,3.38,BATS,12639
BTG,20250717 09:31:31.231000,711174,800,892699,3.38,BATS,12639
BTG,20250717 09:31:31.231000,711175,1,892700,3.38,EDGX,12659
BTG,20250717 09:31:31.231000,711176,100,892800,3.38,BATS,12639
BTG,20250717 09:31:31.231000,711167,20000,890344,3.38,AMEX,12639
BTG,20250717 09:31:31.231000,711166,100,870344,3.38,PACF,12639
BTG,20250717 09:31:31.231000,711191,200,898765,3.38,EDGX,12639
BTG,20250717 09:31:31.231000,711186,250,897015,3.38,MEMX,12639
BTG,20250717 09:31:31.231000,711185,100,896765,3.38,MEMX,12639
BTG,20250717 09:31:31.231000,711184,30,896665,3.38,MEMX,12659
BTG,20250717 09:31:31.231000,711183,25,896635,3.38,MEMX,12659
BTG,20250717 09:31:31.231000,711182,50,896610,3.38,MEMX,12659
BTG,20250717 09:31:31.231000,711181,120,896560,3.38,EDGX,12639
BTG,20250717 09:31:31.231000,711180,3300,896440,3.38,BATS,12639
BTG,20250717 09:31:31.231000,711179,100,893140,3.38,EDGX,12639
BTG,20250717 09:31:31.231000,711178,200,893040,3.38,BATS,12639
BTG,20250717 09:31:31.231000,711177,40,892840,3.38,EDGX,12659
BTG,20250717 09:31:31.231000,711157,100,868914,3.38,PACF,12639
BTG,20250717 09:31:31.231000,711215,300,912473,3.38,NQEX,12639
BTG,20250717 09:31:31.231000,711216,300,912773,3.38,EDGX,12639
BTG,20250717 09:31:31.231000,711217,300,913073,3.38,NQEX,12639
BTG,20250717 09:31:31.231000,711205,300,908718,3.38,NQEX,12639
BTG,20250717 09:31:31.231000,711156,200,868814,3.38,PACF,12639
BTG,20250717 09:31:31.231000,711155,1,868614,3.38,AMEX,12659
BTG,20250717 09:31:31.231000,711154,250,868613,3.38,PACF,12639
BTG,20250717 09:31:31.231000,711204,100,908418,3.38,NQEX,12639
BTG,20250717 09:31:31.231000,711206,100,908818,3.38,NQEX,12639
BTG,20250717 09:31:31.231000,711160,100,869214,3.38,AMEX,12639
BTG,20250717 09:31:31.231000,711161,200,869414,3.38,PACF,12639
BTG,20250717 09:31:31.231000,711158,100,869014,3.38,PACF,12639
BTG,20250717 09:31:31.231000,711162,500,869914,3.38,PACF,12639
BTG,20250717 09:31:31.231000,711203,118,908318,3.38,MIAX,12639
BTG,20250717 09:31:31.231000,711163,30,869944,3.38,AMEX,12659
BTG,20250717 09:31:31.231000,711164,250,870194,3.38,PACF,12639
BTG,20250717 09:31:31.231000,711165,50,870244,3.38,AMEX,12659
BTG,20250717 09:31:31.231000,711208,5,909073,3.38,NQEX,12659
BTG,20250717 09:31:31.231000,711207,250,909068,3.38,NQEX,12639
BTG,20250717 09:31:31.231000,711159,100,869114,3.38,PACF,12639
BTG,20250717 09:31:31.231000,711152,300,868263,3.38,PACF,12639
BTG,20250717 09:31:31.231000,711202,50,908200,3.38,MIAX,12659
BTG,20250717 09:31:31.231000,711192,300,899065,3.38,EDGX,12639
BTG,20250717 09:31:31.231000,711193,75,899140,3.38,EDGX,12659
BTG,20250717 09:31:31.231000,711194,10,899150,3.38,EDGX,12659
BTG,20250717 09:31:31.231000,711195,300,899450,3.38,EDGX,12639
BTG,20250717 09:31:31.231000,711153,100,868363,3.38,PACF,12639
BTG,20250717 09:31:31.231000,711151,6,867963,3.38,PACF,12659
BTG,20250717 09:31:31.231000,711196,100,899550,3.38,EDGX,12639
BTG,20250717 09:31:31.231000,711197,250,899800,3.38,EDGX,12639
BTG,20250717 09:31:31.231000,711198,100,899900,3.38,EDGX,12639
BTG,20250717 09:31:31.231000,711199,100,900000,3.38,EDGX,12639
BTG,20250717 09:31:31.231000,711200,250,900250,3.38,EDGX,12639
BTG,20250717 09:31:31.231000,711201,7900,908150,3.38,MIAX,12639
BTG,20250717 09:31:31.232000,711218,10,913083,3.38,NQNX,12659
BTG,20250717 09:31:31.232000,711219,40,913123,3.38,NQNX,12659
BTG,20250717 09:31:31.232000,711220,2000,915123,3.37,NQNX,12544
BTG,20250717 09:31:31.233000,711222,50,915373,3.37,CINC,12659
BTG,20250717 09:31:31.233000,711221,200,915323,3.37,NQNX,12544
BTG,20250717 09:31:31.234000,711224,6800,922173,3.37,NYSE,12544
BTG,20250717 09:31:31.234000,711225,600,922773,3.37,PACF,12544
BTG,20250717 09:31:31.234000,711226,4500,927273,3.37,PACF,12544
BTG,20250717 09:31:31.236000,711229,50,927398,3.37,NQNX,12659
BTG,20250717 09:31:31.236000,711228,50,927348,3.37,NQNX,12659
BTG,20250717 09:31:31.236000,711227,25,927298,3.37,NQNX,12659
BTG,20250717 09:31:31.237000,711230,5,927403,3.37,NQNX,12659
BTG,20250717 09:31:31.238000,711232,500,927903,3.37,NQNX,12544
BTG,20250717 09:31:31.239000,711236,500,928403,3.37,NQNX,12544
BTG,20250717 09:31:31.240000,711237,1375,929778,3.37,NQNX,12544
BTG,20250717 09:31:31.240000,711238,1734,931512,3.37,NQNX,12544
BTG,20250717 09:31:31.241000,711240,3,931515,3.37,NQNX,12659
BTG,20250717 09:31:31.487000,711419,10,931525,3.37,NQNX,12659
BTG,20250717 09:31:31.695000,711633,2200,933725,3.37,NQNX,12544
BTG,20250717 09:31:32.131000,712066,1,933726,3.37,NQNX,12659
BTG,20250717 09:31:32.132000,712067,1,933727,3.37,NQNX,12659
BTG,20250717 09:31:32.258000,712257,500,934227,3.37,NQNX,12544
BTG,20250717 09:31:32.260000,712259,500,934727,3.37,NQNX,12544
BTG,20250717 09:31:32.295000,712285,540,935267,3.37,NTRF,12544
BTG,20250717 09:31:32.357000,712296,1,935268,3.37,NQNX,12659
BTG,20250717 09:31:33.539000,713400,4000,939268,3.37,NQNX,12544
BTG,20250717 09:31:33.553000,713410,1000,940268,3.37,NQNX,12544
BTG,20250717 09:31:35.541000,715818,4500,945768,3.37,NQNX,12544
BTG,20250717 09:31:35.541000,715817,1000,941268,3.37,NQNX,12544
BTG,20250717 09:31:36.013000,716308,600,946368,3.37,EDGX,12544
BTG,20250717 09:31:36.014000,716321,1000,953068,3.37,PACF,12544
BTG,20250717 09:31:36.014000,716313,5700,952068,3.37,IEX,12544
BTG,20250717 09:31:36.018000,716397,1700,954768,3.37,NQEX,12544
BTG,20250717 09:31:36.185000,716903,300,955068,3.37,PACF,12639
BTG,20250717 09:31:36.185000,716904,250,955318,3.37,PACF,12639
BTG,20250717 09:31:36.185000,716905,100,955418,3.37,PACF,12639
BTG,20250717 09:31:36.185000,716906,100,955518,3.37,PACF,12639
BTG,20250717 09:31:36.185000,716907,100,955618,3.37,AMEX,12639
BTG,20250717 09:31:36.185000,716909,100,955818,3.37,AMEX,12639
BTG,20250717 09:31:36.185000,716910,100,955918,3.37,AMEX,12639
BTG,20250717 09:31:36.185000,716908,100,955718,3.37,AMEX,12639
BTG,20250717 09:31:36.186000,716922,100,959573,3.37,BATS,12639
BTG,20250717 09:31:36.186000,716923,10,959583,3.37,EDGX,12659
BTG,20250717 09:31:36.186000,716924,300,959883,3.37,EDGX,12639
BTG,20250717 09:31:36.186000,716925,268,960151,3.37,EDGX,12639
BTG,20250717 09:31:36.186000,716918,800,957973,3.37,BATS,12639
BTG,20250717 09:31:36.186000,716926,100,960251,3.37,EDGX,12639
BTG,20250717 09:31:36.186000,716928,4000,964251,3.37,NQEX,12639
BTG,20250717 09:31:36.186000,716929,300,964551,3.37,NQEX,12639
BTG,20250717 09:31:36.186000,716921,800,959473,3.37,EDGX,12639
BTG,20250717 09:31:36.186000,716920,500,958673,3.37,EDGX,12639
BTG,20250717 09:31:36.186000,716912,15,955936,3.37,AMEX,12659
BTG,20250717 09:31:36.186000,716913,25,955961,3.37,AMEX,12659
BTG,20250717 09:31:36.186000,716914,10,955971,3.37,AMEX,12659
BTG,20250717 09:31:36.186000,716915,1000,956971,3.37,AMEX,12639
BTG,20250717 09:31:36.186000,716916,200,957171,3.37,BATS,12639
BTG,20250717 09:31:36.186000,716917,2,957173,3.37,EDGX,12659
BTG,20250717 09:31:36.186000,716919,200,958173,3.37,BATS,12639
BTG,20250717 09:31:36.186000,716930,100,964651,3.37,NQEX,12639
BTG,20250717 09:31:36.186000,716911,3,955921,3.37,AMEX,12659
BTG,20250717 09:31:36.188000,716932,1000,965651,3.36,NQNX,12544
BTG,20250717 09:31:36.189000,716937,100,967251,3.36,NQNX,12544
BTG,20250717 09:31:36.189000,716936,500,967151,3.36,NQNX,12544
BTG,20250717 09:31:36.189000,716935,1000,966651,3.36,NQNX,12544
BTG,20250717 09:31:36.191000,716945,40,967291,3.36,NQNX,12659
BTG,20250717 09:31:36.192000,716949,100,967436,3.36,NQNX,12544
BTG,20250717 09:31:36.192000,716947,25,967316,3.36,NQNX,12659
BTG,20250717 09:31:36.192000,716948,20,967336,3.36,NQNX,12659
BTG,20250717 09:31:36.193000,716951,1400,968836,3.36,NQNX,12544
BTG,20250717 09:31:36.196000,716956,100,968971,3.36,NQNX,12544
BTG,20250717 09:31:36.196000,716953,35,968871,3.36,NQNX,12659
BTG,20250717 09:31:36.197000,716957,2000,970971,3.38,NQNX,12668
BTG,20250717 09:31:36.203000,716968,712,971683,3.36,NQNX,12544
BTG,20250717 09:31:36.264000,717068,1077,972760,3.36,NQEX,12544
BTG,20250717 09:31:36.264000,717069,800,973560,3.36,NQEX,12544
BTG,20250717 09:31:37.554000,718451,4500,978060,3.36,NQNX,12544
BTG,20250717 09:31:37.554000,718452,2200,980260,3.36,NQNX,12544
BTG,20250717 09:31:38.133000,719097,1,980261,3.36,NQNX,12659
BTG,20250717 09:31:39.275000,719926,5000,985261,3.36,NQNX,12544
BTG,20250717 09:31:39.303000,719986,139,985400,3.36,NQNX,12544
BTG,20250717 09:31:40.519000,721278,300,985700,3.36,NQNX,12544
BTG,20250717 09:31:43.305000,723295,300,986000,3.37,PACF,12639
BTG,20250717 09:31:43.305000,723301,100,989300,3.38,CINC,12639
BTG,20250717 09:31:43.305000,723296,800,986800,3.37,BATS,12639
BTG,20250717 09:31:43.305000,723298,1200,988300,3.37,BATS,12639
BTG,20250717 09:31:43.305000,723299,300,988600,3.37,NQEX,12639
BTG,20250717 09:31:43.305000,723300,600,989200,3.38,BATS,12639
BTG,20250717 09:31:43.305000,723297,300,987100,3.37,EDGX,12639
BTG,20250717 09:31:43.306000,723302,400,989700,3.37,BATS,12544
BTG,20250717 09:31:43.306000,723303,400,990100,3.37,EDGE,12544
BTG,20250717 09:31:43.306000,723304,400,990500,3.37,EDGX,12544
BTG,20250717 09:31:43.306000,723306,400,991054,3.37,MIAX,12544
BTG,20250717 09:31:43.306000,723307,400,991454,3.37,NQEX,12544
BTG,20250717 09:31:43.306000,723308,400,991854,3.37,PHIL,12544
BTG,20250717 09:31:43.306000,723305,154,990654,3.37,NQNX,12544
BTG,20250717 09:31:43.314000,723313,40,991894,3.37,NQEX,12659
BTG,20250717 09:31:43.489000,723420,154,992048,3.37,NQNX,12544
BTG,20250717 09:31:43.514000,723428,208,992256,3.37,NQNX,12544
BTG,20250717 09:31:43.533000,723441,8800,1001056,3.37,NQNX,12544
BTG,20250717 09:31:46.957000,726026,6800,1007856,3.37,NQNX,12544
BTG,20250717 09:31:46.957000,726032,700,1008556,3.37,NQNX,12544
BTG,20250717 09:31:46.958000,726033,1500,1010056,3.37,NQNX,12544
BTG,20250717 09:31:46.963000,726034,6000,1016056,3.37,NQNX,12544
BTG,20250717 09:31:53.581000,732188,1,1016057,3.37,NQNX,12659
BTG,20250717 09:31:53.762000,732270,192,1016249,3.37,NQNX,12544
BTG,20250717 09:31:54.767000,732812,2,1016251,3.37,NQNX,12659
BTG,20250717 09:31:55.174000,733077,100,1016351,3.37,NQNX,12544
BTG,20250717 09:31:57.448000,734689,500,1016851,3.37,NQNX,12544
BTG,20250717 09:31:57.448000,734691,1073,1017924,3.37,PACF,12544
BTG,20250717 09:32:00.868000,737212,3,1017927,3.37,NQNX,12659
BTG,20250717 09:32:01.287000,737692,300,1018227,3.37,NQNX,12544
BTG,20250717 09:32:07.931000,744374,100,1018327,3.38,CINC,12544
BTG,20250717 09:32:09.282000,745437,800,1020195,3.37,BATS,12639
BTG,20250717 09:32:09.282000,745438,240,1020435,3.37,BATS,12639
BTG,20250717 09:32:09.282000,745439,799,1021234,3.37,BATS,12639
BTG,20250717 09:32:09.282000,745436,1068,1019395,3.37,BATS,12639
BTG,20250717 09:32:09.701000,745824,500,1021734,3.37,NQNX,12544
BTG,20250717 09:32:13.705000,749091,1000,1022734,3.37,NQNX,12544
BTG,20250717 09:32:14.146000,749369,100,1022834,3.37,NQNX,12544
BTG,20250717 09:32:23.533000,757900,4500,1027409,3.37,NYSE,12544
BTG,20250717 09:32:23.533000,757899,75,1022909,3.37,CINC,12659
BTG,20250717 09:32:23.533000,757901,600,1028009,3.37,PACF,12544
BTG,20250717 09:32:23.533000,757911,4500,1041609,3.37,EDGX,12544
BTG,20250717 09:32:23.533000,757910,4500,1037109,3.37,BATS,12544
BTG,20250717 09:32:23.533000,757903,100,1032609,3.37,PACF,12544
BTG,20250717 09:32:23.533000,757902,4500,1032509,3.37,PACF,12544
BTG,20250717 09:32:23.534000,757930,25,1041634,3.37,IEX,12659
BTG,20250717 09:32:26.628000,760806,5,1041639,3.37,NQNX,12659
BTG,20250717 09:32:26.635000,760812,1,1041640,3.37,NQNX,12659
BTG,20250717 09:32:31.176000,764213,425,1042065,3.37,NQNX,12544
BTG,20250717 09:32:32.194000,764927,100,1042165,3.37,NTRF,12544
BTG,20250717 09:32:33.430000,765827,2,1042167,3.37,NQNX,12659
BTG,20250717 09:32:34.504000,767392,43,1042210,3.37,NQEX,12659
BTG,20250717 09:32:35.474000,768954,300,1042510,3.37,NQNX,12544
BTG,20250717 09:32:35.546000,769025,700,1043210,3.37,NQNX,12544
BTG,20250717 09:32:37.799000,771814,200,1043410,3.37,NQNX,12544
BTG,20250717 09:32:38.107000,772242,100,1043510,3.37,NQNX,12544
BTG,20250717 09:32:38.573000,773278,956,1045509,3.37,NQNX,12544
BTG,20250717 09:32:38.573000,773281,100,1045697,3.37,NQNX,12544
BTG,20250717 09:32:38.573000,773277,545,1044553,3.37,NQNX,12544
BTG,20250717 09:32:38.573000,773276,428,1044008,3.37,NQNX,12544
BTG,20250717 09:32:38.573000,773275,70,1043580,3.37,NQNX,12659
BTG,20250717 09:32:38.573000,773280,88,1045597,3.37,NQNX,12659
BTG,20250717 09:32:38.576000,773287,1058,1046755,3.37,NQNX,12544
BTG,20250717 09:32:38.576000,773290,400,1047555,3.37,AMEX,12544
BTG,20250717 09:32:38.576000,773289,200,1047155,3.37,NYSE,12639
BTG,20250717 09:32:38.576000,773288,200,1046955,3.37,PACF,12639
BTG,20250717 09:32:38.577000,773291,61,1047616,3.37,NQEX,12659
BTG,20250717 09:32:38.577000,773293,200,1047848,3.37,MIAX,12639
BTG,20250717 09:32:38.577000,773292,32,1047648,3.37,NQEX,12659
BTG,20250717 09:32:39.880000,774831,300,1048148,3.36,NQNX,12544
BTG,20250717 09:32:40.671000,775525,2,1048150,3.36,NQNX,12659
BTG,20250717 09:32:40.897000,775784,200,1048350,3.37,NQNX,12544
BTG,20250717 09:32:41.057000,775930,700,1050050,3.36,NQEX,12544
BTG,20250717 09:32:41.057000,775928,300,1049350,3.36,BATY,12639
BTG,20250717 09:32:41.057000,775927,700,1049050,3.36,PACF,12544
BTG,20250717 09:32:44.921000,779741,10,1050060,3.36,NQNX,12659
BTG,20250717 09:32:45.207000,780016,1,1050061,3.36,NQNX,12659
BTG,20250717 09:32:45.215000,780022,139,1050200,3.36,NQNX,12544
BTG,20250717 09:32:46.078000,780914,35,1050235,3.37,EDGX,12659
BTG,20250717 09:32:46.079000,780921,55,1050290,3.37,EDGX,12659
BTG,20250717 09:32:46.079000,780932,30,1050320,3.37,EDGX,12659
BTG,20250717 09:32:46.080000,780942,95,1050415,3.37,EDGX,12659
BTG,20250717 09:32:46.084000,780997,30,1050455,3.37,EDGX,12659
BTG,20250717 09:32:46.084000,781006,50,1050505,3.37,EDGX,12659
BTG,20250717 09:32:46.084000,780969,10,1050425,3.37,EDGX,12659
BTG,20250717 09:32:46.085000,781080,50,1050800,3.37,BATS,12659
BTG,20250717 09:32:46.085000,781032,80,1050585,3.37,EDGX,12659
BTG,20250717 09:32:46.085000,781044,60,1050645,3.37,EDGX,12659
BTG,20250717 09:32:46.085000,781072,35,1050680,3.37,BATS,12659
BTG,20250717 09:32:46.085000,781073,70,1050750,3.37,EDGX,12659
BTG,20250717 09:32:46.086000,781111,9,1051029,3.37,BATS,12659
BTG,20250717 09:32:46.086000,781112,1,1051030,3.37,EDGX,12659
BTG,20250717 09:32:46.086000,781098,220,1051020,3.37,EDGX,12639
BTG,20250717 09:32:46.086000,781116,45,1051075,3.37,BATS,12659
BTG,20250717 09:32:46.086000,781122,20,1051095,3.37,BATS,12659
BTG,20250717 09:32:46.087000,781175,20,1051115,3.37,BATS,12659
BTG,20250717 09:32:46.090000,781227,65,1051180,3.37,BATS,12659
BTG,20250717 09:32:48.317000,783412,2,1051182,3.36,NQNX,12659
BTG,20250717 09:32:48.452000,783499,5000,1079382,3.37,NYSE,12544
BTG,20250717 09:32:48.452000,783492,600,1051782,3.36,NQNX,12544
BTG,20250717 09:32:48.452000,783497,4600,1069782,3.36,PACF,12544
BTG,20250717 09:32:48.452000,783494,300,1056682,3.37,EDGX,12544
BTG,20250717 09:32:48.452000,783496,3900,1065182,3.37,EDGX,12544
BTG,20250717 09:32:48.452000,783495,4600,1061282,3.36,BATS,12544
BTG,20250717 09:32:48.452000,783500,4600,1083982,3.36,NYSE,12544
BTG,20250717 09:32:48.452000,783501,4600,1088582,3.36,NQEX,12544
BTG,20250717 09:32:48.452000,783493,4600,1056382,3.36,NQNX,12544
BTG,20250717 09:32:48.452000,783498,4600,1074382,3.36,EDGX,12544
BTG,20250717 09:32:50.375000,785877,1198,1089780,3.36,NTRF,12544
BTG,20250717 09:32:50.375000,785878,6302,1096082,3.36,NTRF,12544
BTG,20250717 09:32:55.785000,790164,50,1096132,3.36,NQNX,12659
BTG,20250717 09:32:57.660000,792361,400,1096532,3.36,NQNX,12544
BTG,20250717 09:33:00.047000,793744,500,1097032,3.36,NQNX,12544
BTG,20250717 09:33:00.058000,793788,500,1097532,3.36,NQNX,12544
BTG,20250717 09:33:00.061000,793790,500,1098032,3.36,NQNX,12544
BTG,20250717 09:33:00.166000,793912,500,1098532,3.36,NQNX,12544
BTG,20250717 09:33:02.823000,796677,100,1098632,3.36,NQNX,12544
BTG,20250717 09:33:03.452000,797174,8,1098640,3.36,NQNX,12659
BTG,20250717 09:33:03.453000,797177,4600,1103240,3.36,NQNX,12544
BTG,20250717 09:33:03.455000,797180,4600,1107840,3.36,NQNX,12544
BTG,20250717 09:33:03.832000,797700,4600,1112440,3.36,NQNX,12544
BTG,20250717 09:33:03.837000,797729,2900,1115340,3.36,NQNX,12544
BTG,20250717 09:33:03.838000,797730,4000,1119340,3.36,NQNX,12544
BTG,20250717 09:33:05.497000,800591,6900,1126240,3.36,NQNX,12544
BTG,20250717 09:33:05.505000,800595,6900,1133140,3.36,NQNX,12544
BTG,20250717 09:33:05.506000,800598,4600,1137740,3.36,NQNX,12544
BTG,20250717 09:33:05.507000,800599,4600,1142340,3.36,NQNX,12544
BTG,20250717 09:33:05.508000,800602,4600,1146940,3.36,NQNX,12544
BTG,20250717 09:33:05.509000,800603,4600,1151540,3.36,NQNX,12544
BTG,20250717 09:33:05.510000,800604,600,1152140,3.36,NQNX,12544
BTG,20250717 09:33:05.511000,800605,6300,1158440,3.36,NQNX,12544
BTG,20250717 09:33:05.521000,800621,6900,1165340,3.36,NQNX,12544
BTG,20250717 09:33:06.154000,801445,300,1165640,3.36,NQNX,12544
BTG,20250717 09:33:06.156000,801446,1700,1167340,3.36,NQNX,12544
BTG,20250717 09:33:06.679000,801673,6900,1174240,3.36,NQNX,12544
BTG,20250717 09:33:06.685000,801675,6900,1181140,3.36,NQNX,12544
BTG,20250717 09:33:06.686000,801683,6900,1188040,3.36,NQNX,12544
BTG,20250717 09:33:06.692000,801687,600,1188640,3.36,NQNX,12544
BTG,20250717 09:33:06.693000,801688,4000,1192640,3.36,NQNX,12544
BTG,20250717 09:33:06.694000,801689,1471,1194111,3.36,NQNX,12544
BTG,20250717 09:33:06.701000,801694,3500,1197611,3.36,NQNX,12544
BTG,20250717 09:33:06.758000,801757,200,1197811,3.36,NQNX,12544
BTG,20250717 09:33:08.752000,803492,300,1198111,3.36,NQNX,12544
BTG,20250717 09:33:10.153000,804509,900,1199011,3.36,NQNX,12544
BTG,20250717 09:33:10.863000,805086,100,1199111,3.36,NQNX,12544
BTG,20250717 09:33:11.984000,805937,1,1199112,3.36,NQNX,12659
BTG,20250717 09:33:12.386000,806261,100,1199212,3.37,NQNX,12544
BTG,20250717 09:33:12.484000,806353,8000,1207212,3.36,NQNX,12544
BTG,20250717 09:33:13.116000,806694,100,1207312,3.36,NQNX,12544
BTG,20250717 09:33:14.567000,807879,10,1207322,3.36,NQNX,12659
BTG,20250717 09:33:17.832000,812302,7,1207329,3.36,NQNX,12659
BTG,20250717 09:33:18.130000,813189,1,1207330,3.36,NQNX,12659
BTG,20250717 09:33:21.781000,818563,10,1207340,3.37,NQNX,12659
BTG,20250717 09:33:22.107000,818895,500,1207840,3.36,NQNX,12544
BTG,20250717 09:33:22.572000,819392,3000,1210840,3.36,NQNX,12544
BTG,20250717 09:33:23.556000,820373,500,1211340,3.36,NQNX,12544
BTG,20250717 09:33:24.173000,820794,100,1211440,3.37,PACF,12639
BTG,20250717 09:33:24.177000,820798,187,1211627,3.36,NQNX,12544
BTG,20250717 09:33:24.350000,820934,500,1212127,3.36,NQNX,12544
BTG,20250717 09:33:24.418000,820970,100,1212227,3.36,NQNX,12544
BTG,20250717 09:33:25.091000,821445,200,1212427,3.37,PACF,12639
BTG,20250717 09:33:25.091000,821446,200,1212627,3.37,PACF,12639
BTG,20250717 09:33:25.137000,821510,500,1213127,3.36,NQNX,12544
BTG,20250717 09:33:25.989000,822603,100,1213227,3.37,PACF,12639
BTG,20250717 09:33:26.641000,822948,500,1213727,3.36,NQNX,12544
BTG,20250717 09:33:27.679000,823772,1507,1215234,3.36,NQNX,12544
BTG,20250717 09:33:27.683000,823773,1,1215235,3.36,NQNX,12659
BTG,20250717 09:33:29.425000,825163,500,1215735,3.36,NQNX,12544
BTG,20250717 09:33:29.784000,825848,5000,1220735,3.36,NQNX,12544
BTG,20250717 09:33:30.575000,826426,500,1221235,3.36,NQNX,12544
BTG,20250717 09:33:31.316000,826832,500,1221735,3.36,NQNX,12544
BTG,20250717 09:33:32.128000,827229,500,1222235,3.36,NQNX,12544
BTG,20250717 09:33:32.490000,827369,100,1222335,3.36,NQNX,12544
BTG,20250717 09:33:32.899000,827562,500,1222835,3.36,NQNX,12544
BTG,20250717 09:33:34.472000,828681,4600,1238035,3.36,NYSE,12544
BTG,20250717 09:33:34.472000,828680,5000,1233435,3.37,NYSE,12544
BTG,20250717 09:33:34.472000,828682,4600,1242635,3.36,NQEX,12544
BTG,20250717 09:33:34.472000,828679,1000,1228435,3.36,PACF,12544
BTG,20250717 09:33:34.472000,828678,4600,1227435,3.36,PACF,12544
BTG,20250717 09:33:34.472000,828683,1700,1244335,3.36,NQEX,12544
BTG,20250717 09:33:34.485000,828747,600,1244935,3.36,NQNX,12544
BTG,20250717 09:33:34.495000,828880,900,1245835,3.36,NQNX,12544
BTG,20250717 09:33:35.613000,829615,1,1245838,3.36,NQNX,12640
BTG,20250717 09:33:35.613000,829614,2,1245837,3.36,NQNX,12659
BTG,20250717 09:33:36.427000,830200,200,1246038,3.36,NQNX,12544
BTG,20250717 09:33:36.721000,830332,5000,1251038,3.37,NQNX,12544
BTG,20250717 09:33:38.003000,831095,2289,1253327,3.36,NQNX,12544
BTG,20250717 09:33:38.004000,831096,5711,1259038,3.36,NQNX,12544
BTG,20250717 09:33:38.565000,831481,100,1259138,3.36,NQNX,12544
BTG,20250717 09:33:44.720000,835735,283,1259421,3.36,NQNX,12544
BTG,20250717 09:33:44.721000,835738,1,1259422,3.36,NQNX,12659
BTG,20250717 09:33:45.170000,836370,200,1259622,3.36,NQEX,12544
BTG,20250717 09:33:45.467000,836597,8,1259630,3.36,NQNX,12659
BTG,20250717 09:33:46.330000,837162,1,1259631,3.36,NQNX,12659
BTG,20250717 09:33:48.445000,838996,8,1259639,3.36,NQNX,12659
BTG,20250717 09:33:48.445000,838997,6,1259645,3.36,NQNX,12659
BTG,20250717 09:33:48.459000,839002,1,1259646,3.36,NQNX,12640
BTG,20250717 09:33:51.438000,842151,139,1259785,3.36,NQNX,12544
BTG,20250717 09:33:54.953000,845242,2,1259787,3.36,NQNX,12659
BTG,20250717 09:33:55.908000,845993,1,1259788,3.36,NQNX,12659
BTG,20250717 09:33:58.892000,848400,130,1259918,3.36,NQNX,12544
BTG,20250717 09:34:00.670000,850503,100,1260018,3.36,NQNX,12544
BTG,20250717 09:34:01.493000,851330,316,1261087,3.36,NQNX,12544
BTG,20250717 09:34:01.493000,851329,753,1260771,3.36,NQNX,12544
BTG,20250717 09:34:01.493000,851331,1231,1262318,3.36,NQNX,12544
BTG,20250717 09:34:02.090000,851907,1000,1263318,3.36,NQNX,12544
BTG,20250717 09:34:02.367000,852111,100,1263418,3.36,NQNX,12544
BTG,20250717 09:34:04.224000,853585,379,1264608,3.36,NQNX,12544
BTG,20250717 09:34:04.224000,853586,738,1265346,3.36,NQNX,12544
BTG,20250717 09:34:04.224000,853587,339,1265685,3.36,NQNX,12544
BTG,20250717 09:34:04.224000,853584,811,1264229,3.36,NQNX,12544
BTG,20250717 09:34:04.225000,853597,3205,1274918,3.36,NQNX,12544
BTG,20250717 09:34:04.225000,853594,1033,1269786,3.36,NQNX,12544
BTG,20250717 09:34:04.225000,853595,1327,1271113,3.36,NQNX,12544
BTG,20250717 09:34:04.225000,853596,600,1271713,3.36,NQNX,12544
BTG,20250717 09:34:04.225000,853592,100,1268653,3.36,NQNX,12544
BTG,20250717 09:34:04.225000,853588,956,1266641,3.36,NQNX,12544
BTG,20250717 09:34:04.225000,853589,646,1267287,3.36,NQNX,12544
BTG,20250717 09:34:04.225000,853590,950,1268237,3.36,NQNX,12544
BTG,20250717 09:34:04.225000,853593,100,1268753,3.36,NQNX,12544
BTG,20250717 09:34:04.225000,853591,316,1268553,3.36,NQNX,12544
BTG,20250717 09:34:04.784000,854265,100,1275018,3.36,NQNX,12544
BTG,20250717 09:34:06.017000,855195,500,1275518,3.36,NQNX,12544
BTG,20250717 09:34:06.286000,855586,500,1276018,3.36,NQNX,12544
BTG,20250717 09:34:06.548000,855768,100,1276118,3.36,NQNX,12544
BTG,20250717 09:34:06.548000,855769,400,1276518,3.36,NQNX,12544
BTG,20250717 09:34:06.659000,855932,662,1277180,3.36,NQNX,12544
BTG,20250717 09:34:06.659000,855933,4338,1281518,3.36,NQNX,12544
BTG,20250717 09:34:06.668000,855936,50,1281568,3.36,NQNX,12659
BTG,20250717 09:34:06.887000,856085,500,1282068,3.36,NQNX,12544
BTG,20250717 09:34:07.101000,856533,1,1282069,3.37,NQNX,12659
BTG,20250717 09:34:07.133000,856558,100,1282169,3.36,NQNX,12544
BTG,20250717 09:34:07.513000,856996,500,1282669,3.36,NQNX,12544
BTG,20250717 09:34:07.885000,857269,500,1283169,3.36,NQNX,12544
BTG,20250717 09:34:08.648000,857826,500,1283669,3.36,NQNX,12544
BTG,20250717 09:34:09.075000,858115,500,1284169,3.36,NQNX,12544
BTG,20250717 09:34:09.269000,858321,600,1290841,3.36,PHIL,12544
BTG,20250717 09:34:09.269000,858324,600,1293241,3.36,NQEX,12544
BTG,20250717 09:34:09.269000,858322,800,1291641,3.36,NQEX,12544
BTG,20250717 09:34:09.269000,858320,1336,1290241,3.36,MIAX,12544
BTG,20250717 09:34:09.269000,858319,800,1288905,3.36,MIAX,12544
BTG,20250717 09:34:09.269000,858318,800,1288105,3.36,NYSE,12544
BTG,20250717 09:34:09.269000,858317,1336,1287305,3.36,BATS,12544
BTG,20250717 09:34:09.269000,858323,1000,1292641,3.36,NQEX,12544
BTG,20250717 09:34:09.269000,858316,800,1285969,3.36,BATS,12544
BTG,20250717 09:34:09.269000,858315,1000,1285169,3.36,PACF,12544
BTG,20250717 09:34:09.276000,858327,800,1295641,3.36,MIAX,12544
BTG,20250717 09:34:09.276000,858326,800,1294841,3.36,BATS,12544
BTG,20250717 09:34:09.276000,858325,800,1294041,3.36,NYSE,12544
BTG,20250717 09:34:09.278000,858328,16600,1312241,3.36,NQNX,12544
BTG,20250717 09:34:09.278000,858331,5118,1349359,3.36,NQNX,12544
BTG,20250717 09:34:09.278000,858330,16600,1344241,3.36,NQNX,12544
BTG,20250717 09:34:09.278000,858329,15400,1327641,3.36,NQNX,12544
BTG,20250717 09:34:09.279000,858332,33200,1382559,3.36,NQNX,12544
BTG,20250717 09:34:09.279000,858333,66400,1448959,3.36,NQNX,12544
BTG,20250717 09:34:09.279000,858334,160210,1609169,3.36,NQNX,12544
BTG,20250717 09:34:09.480000,858552,900,1610069,3.36,NQNX,12544
BTG,20250717 09:34:10.096000,858959,500,1610569,3.36,NQNX,12544
BTG,20250717 09:34:10.762000,859355,500,1611069,3.36,NQNX,12544
BTG,20250717 09:34:11.632000,859798,100,1611169,3.36,NQNX,12544
BTG,20250717 09:34:13.725000,861604,200,1611369,3.36,NQNX,12544
BTG,20250717 09:34:14.648000,862734,143,1611512,3.36,NTRF,12544
BTG,20250717 09:34:15.807000,863344,200,1611712,3.36,NQNX,12544
BTG,20250717 09:34:16.989000,864106,1000,1612712,3.36,NQNX,12544
BTG,20250717 09:34:17.047000,864156,1188,1613900,3.36,NTRF,12544
BTG,20250717 09:34:17.583000,864738,200,1614100,3.36,NQNX,12544
BTG,20250717 09:34:17.601000,864752,1000,1615100,3.36,NQNX,12544
BTG,20250717 09:34:17.672000,864832,1188,1616288,3.36,NTRF,12544
BTG,20250717 09:34:18.586000,865388,100,1616388,3.36,NQNX,12544
BTG,20250717 09:34:19.338000,865877,100,1616488,3.36,NQNX,12544
BTG,20250717 09:34:31.228000,875892,100,1616588,3.36,NQNX,12544
BTG,20250717 09:34:32.744000,877063,3,1616591,3.36,NQNX,12659
BTG,20250717 09:34:32.898000,877241,1,1616592,3.36,NQNX,12659
BTG,20250717 09:34:33.289000,877399,143,1616735,3.36,NTRF,12544
BTG,20250717 09:34:33.290000,877400,207,1616942,3.36,NTRF,12544
BTG,20250717 09:34:35.340000,878689,139,1617081,3.36,NQNX,12544
BTG,20250717 09:34:42.639000,884657,100,1617181,3.36,NQNX,12544
BTG,20250717 09:34:42.674000,884676,469,1617650,3.37,NQNX,12544
BTG,20250717 09:34:42.676000,884677,1,1617651,3.36,NQNX,12659
BTG,20250717 09:34:42.683000,884684,2,1617653,3.36,NQNX,12659
BTG,20250717 09:34:42.683000,884685,1,1617654,3.36,NQNX,12659
BTG,20250717 09:34:53.377000,892454,50,1617704,3.36,NQNX,12659
BTG,20250717 09:34:53.723000,892663,10000,1627704,3.36,NQNX,12544
BTG,20250717 09:34:55.640000,893796,7,1627711,3.36,NQNX,12659
BTG,20250717 09:34:57.067000,894721,192,1627903,3.36,NTRF,12544
BTG,20250717 09:34:57.240000,894861,100,1628003,3.36,NQNX,12544
BTG,20250717 09:34:59.839000,896944,200,1628203,3.36,NQNX,12544
BTG,20250717 09:34:59.920000,896968,800,1629003,3.36,NQNX,12544
BTG,20250717 09:35:00.016000,897135,100,1629103,3.36,NQNX,12544
BTG,20250717 09:35:03.004000,901568,3,1629106,3.36,NQNX,12659
BTG,20250717 09:35:03.016000,901575,1,1629107,3.36,NQNX,12640
BTG,20250717 09:35:06.979000,907426,2084,1631191,3.36,NQNX,12544
BTG,20250717 09:35:06.980000,907457,500,1685824,3.37,BATS,12639
BTG,20250717 09:35:06.980000,907458,900,1686724,3.37,PACF,12544
BTG,20250717 09:35:06.980000,907459,1726,1688450,3.37,PACF,12544
BTG,20250717 09:35:06.980000,907469,300,1692393,3.37,NQEX,12639
BTG,20250717 09:35:06.980000,907468,100,1692093,3.37,NQEX,12639
BTG,20250717 09:35:06.980000,907460,900,1689350,3.37,BATS,12544
BTG,20250717 09:35:06.980000,907467,100,1691993,3.37,NQEX,12639
BTG,20250717 09:35:06.980000,907466,400,1691893,3.37,NQEX,12639
BTG,20250717 09:35:06.980000,907465,200,1691493,3.37,NQEX,12639
BTG,20250717 09:35:06.980000,907463,43,1690693,3.37,NQEX,12659
BTG,20250717 09:35:06.980000,907462,300,1690650,3.37,NQEX,12639
BTG,20250717 09:35:06.980000,907461,1000,1690350,3.37,MIAX,12544
BTG,20250717 09:35:06.980000,907464,600,1691293,3.37,NQEX,12639
BTG,20250717 09:35:06.980000,907470,200,1692593,3.37,NQEX,12639
BTG,20250717 09:35:06.980000,907489,600,1705733,3.37,MIAX,12544
BTG,20250717 09:35:06.980000,907488,1000,1705133,3.37,MIAX,12544
BTG,20250717 09:35:06.980000,907487,2200,1704133,3.36,NQNX,12544
BTG,20250717 09:35:06.980000,907486,300,1701933,3.37,IEX,12544
BTG,20250717 09:35:06.980000,907485,400,1701633,3.37,IEX,12544
BTG,20250717 09:35:06.980000,907482,200,1701233,3.37,NQNX,12544
BTG,20250717 09:35:06.980000,907481,800,1701033,3.37,BATS,12544
BTG,20250717 09:35:06.980000,907477,5090,1700233,3.36,NQNX,12544
BTG,20250717 09:35:06.980000,907476,900,1695143,3.37,NQEX,12544
BTG,20250717 09:35:06.980000,907475,600,1694243,3.37,NQEX,12639
BTG,20250717 09:35:06.980000,907474,250,1693643,3.37,NQEX,12639
BTG,20250717 09:35:06.980000,907473,100,1693393,3.37,NQEX,12639
BTG,20250717 09:35:06.980000,907472,600,1693293,3.37,NQEX,12639
BTG,20250717 09:35:06.980000,907471,100,1692693,3.37,NQEX,12639
BTG,20250717 09:35:06.980000,907456,800,1685324,3.37,BATS,12639
BTG,20250717 09:35:06.980000,907438,200,1646981,3.37,PACF,12639
BTG,20250717 09:35:06.980000,907427,200,1631391,3.36,NQNX,12544
BTG,20250717 09:35:06.980000,907428,300,1631691,3.36,NYSE,12544
BTG,20250717 09:35:06.980000,907429,20,1631711,3.37,MEMX,12659
BTG,20250717 09:35:06.980000,907430,250,1631961,3.37,MEMX,12544
BTG,20250717 09:35:06.980000,907431,250,1632211,3.37,MEMX,12544
BTG,20250717 09:35:06.980000,907432,5000,1637211,3.37,MEMX,12544
BTG,20250717 09:35:06.980000,907433,5100,1642311,3.37,NYSE,12639
BTG,20250717 09:35:06.980000,907434,250,1642561,3.37,EDGX,12544
BTG,20250717 09:35:06.980000,907435,300,1642861,3.37,EDGX,12544
BTG,20250717 09:35:06.980000,907436,20,1642881,3.37,EDGX,12659
BTG,20250717 09:35:06.980000,907437,3900,1646781,3.37,EDGX,12544
BTG,20250717 09:35:06.980000,907439,900,1647881,3.37,NYSE,12544
BTG,20250717 09:35:06.980000,907440,300,1648181,3.37,PACF,12639
BTG,20250717 09:35:06.980000,907454,900,1683933,3.37,MEMX,12639
BTG,20250717 09:35:06.980000,907453,900,1683033,3.37,EDGX,12639
BTG,20250717 09:35:06.980000,907490,100,1705833,3.37,MIAX,12544
BTG,20250717 09:35:06.980000,907452,900,1682133,3.37,AMEX,12544
BTG,20250717 09:35:06.980000,907451,662,1681233,3.37,AMEX,12544
BTG,20250717 09:35:06.980000,907450,100,1680571,3.37,AMEX,12544
BTG,20250717 09:35:06.980000,907449,100,1680471,3.37,AMEX,12544
BTG,20250717 09:35:06.980000,907448,100,1680371,3.37,AMEX,12544
BTG,20250717 09:35:06.980000,907447,600,1680271,3.37,PACF,12639
BTG,20250717 09:35:06.980000,907446,600,1679671,3.37,PACF,12639
BTG,20250717 09:35:06.980000,907445,250,1679071,3.37,PACF,12639
BTG,20250717 09:35:06.980000,907444,90,1678821,3.37,AMEX,12659
BTG,20250717 09:35:06.980000,907443,300,1678731,3.37,PACF,12639
BTG,20250717 09:35:06.980000,907441,30000,1678181,3.37,PACF,12639
BTG,20250717 09:35:06.980000,907455,591,1684524,3.37,BATS,12639
BTG,20250717 09:35:06.980000,907442,250,1678431,3.37,PACF,12639
BTG,20250717 09:35:06.981000,907500,500,1706980,3.37,NQNX,12544
BTG,20250717 09:35:06.981000,907499,18,1706480,3.37,IEX,12659
BTG,20250717 09:35:06.981000,907498,400,1706462,3.37,NQNX,12544
BTG,20250717 09:35:06.981000,907497,49,1706062,3.37,NQEX,12659
BTG,20250717 09:35:06.981000,907494,79,1705956,3.37,PACF,12659
BTG,20250717 09:35:06.981000,907495,34,1705990,3.37,EDGX,12659
BTG,20250717 09:35:06.981000,907493,44,1705877,3.37,MEMX,12659
BTG,20250717 09:35:06.981000,907496,23,1706013,3.37,MIAX,12659
BTG,20250717 09:35:06.982000,907502,1327,1708307,3.37,NQNX,12544
BTG,20250717 09:35:06.983000,907506,100,1708707,3.37,NQNX,12544
BTG,20250717 09:35:06.983000,907505,300,1708607,3.37,NQNX,12544
BTG,20250717 09:35:09.043000,909637,5000,1713707,3.37,NQNX,12544
BTG,20250717 09:35:09.839000,910438,200,1713907,3.37,NQNX,12544
BTG,20250717 09:35:12.816000,914685,1600,1715507,3.37,BATY,12639
BTG,20250717 09:35:19.556000,921759,100,1715607,3.37,NQNX,12544
BTG,20250717 09:35:20.019000,922037,100,1728101,3.37,AMEX,12639
BTG,20250717 09:35:20.019000,922036,100,1728001,3.37,AMEX,12639
BTG,20250717 09:35:20.019000,922039,4425,1732626,3.37,PACF,12639
BTG,20250717 09:35:20.019000,922040,700,1733326,3.37,PACF,12639
BTG,20250717 09:35:20.019000,922041,300,1733626,3.37,PACF,12639
BTG,20250717 09:35:20.019000,922038,100,1728201,3.37,AMEX,12639
BTG,20250717 09:35:20.019000,922042,250,1733876,3.37,PACF,12639
BTG,20250717 09:35:20.019000,922043,300,1734176,3.37,PACF,12639
BTG,20250717 09:35:20.019000,922044,600,1734776,3.37,PACF,12639
BTG,20250717 09:35:20.019000,922045,4500,1739276,3.37,PACF,12639
BTG,20250717 09:35:20.019000,922046,1800,1741076,3.37,PACF,12639
BTG,20250717 09:35:20.019000,922047,500,1741576,3.37,PACF,12639
BTG,20250717 09:35:20.019000,922035,2875,1727901,3.37,PACF,12639
BTG,20250717 09:35:20.019000,922034,600,1725026,3.37,PACF,12639
BTG,20250717 09:35:20.019000,922028,100,1715707,3.37,PACF,12639
BTG,20250717 09:35:20.019000,922029,6748,1722455,3.37,NYSE,12639
BTG,20250717 09:35:20.019000,922030,1100,1723555,3.37,PACF,12639
BTG,20250717 09:35:20.019000,922088,300,2140483,3.37,NQNX,12544
BTG,20250717 09:35:20.019000,922071,64,1924770,3.37,NQEX,12659
BTG,20250717 09:35:20.019000,922031,100,1723655,3.37,PACF,12639
BTG,20250717 09:35:20.019000,922032,171,1723826,3.37,PACF,12639
BTG,20250717 09:35:20.019000,922048,1625,1743201,3.37,PACF,12639
BTG,20250717 09:35:20.019000,922077,1410,1931122,3.37,MIAX,12639
BTG,20250717 09:35:20.019000,922078,1000,1932122,3.37,MIAX,12639
BTG,20250717 09:35:20.019000,922079,800,1932922,3.37,BATS,12544
BTG,20250717 09:35:20.019000,922075,3900,1929412,3.37,BATS,12639
BTG,20250717 09:35:20.019000,922080,300,1933222,3.37,NQEX,12544
BTG,20250717 09:35:20.019000,922074,250,1925512,3.37,EDGX,12639
BTG,20250717 09:35:20.019000,922033,600,1724426,3.37,PACF,12639
BTG,20250717 09:35:20.019000,922076,300,1929712,3.37,EDGX,12639
BTG,20250717 09:35:20.019000,922073,300,1925262,3.37,NQEX,12639
BTG,20250717 09:35:20.019000,922057,250,1918386,3.37,MEMX,12639
BTG,20250717 09:35:20.019000,922064,300,1920796,3.37,EDGX,12639
BTG,20250717 09:35:20.019000,922058,300,1918686,3.37,MEMX,12639
BTG,20250717 09:35:20.019000,922059,216,1918902,3.37,EDGX,12639
BTG,20250717 09:35:20.019000,922060,800,1919702,3.37,BATS,12639
BTG,20250717 09:35:20.019000,922061,500,1920202,3.37,BATS,12639
BTG,20250717 09:35:20.019000,922062,200,1920402,3.37,BATS,12639
BTG,20250717 09:35:20.019000,922063,94,1920496,3.37,NQEX,12659
BTG,20250717 09:35:20.019000,922070,300,1924706,3.37,EDGX,12639
BTG,20250717 09:35:20.019000,922069,250,1924406,3.37,NQEX,12639
BTG,20250717 09:35:20.019000,922065,900,1921696,3.37,BATS,12639
BTG,20250717 09:35:20.019000,922067,300,1922856,3.37,NQEX,12639
BTG,20250717 09:35:20.019000,922068,1300,1924156,3.37,BATS,12639
BTG,20250717 09:35:20.019000,922056,5000,1918136,3.37,MEMX,12639
BTG,20250717 09:35:20.019000,922086,204783,2140183,3.37,NQNX,12544
BTG,20250717 09:35:20.019000,922085,378,1935400,3.37,NQNX,12544
BTG,20250717 09:35:20.019000,922072,192,1924962,3.37,NQEX,12639
BTG,20250717 09:35:20.019000,922083,700,1935022,3.37,PACF,12639
BTG,20250717 09:35:20.019000,922055,206,1913136,3.37,MEMX,12639
BTG,20250717 09:35:20.019000,922049,175,1743376,3.37,PACF,12639
BTG,20250717 09:35:20.019000,922066,860,1922556,3.37,EDGX,12639
BTG,20250717 09:35:20.019000,922082,800,1934322,3.37,BATS,12639
BTG,20250717 09:35:20.019000,922081,300,1933522,3.37,EDGX,12639
BTG,20250717 09:35:20.019000,922054,167548,1912930,3.37,EDGX,12639
BTG,20250717 09:35:20.019000,922053,506,1745382,3.37,NQEX,12639
BTG,20250717 09:35:20.019000,922052,1200,1744876,3.37,NQEX,12639
BTG,20250717 09:35:20.019000,922051,200,1743676,3.37,PACF,12639
BTG,20250717 09:35:20.019000,922050,100,1743476,3.37,PACF,12639
BTG,20250717 09:35:20.020000,922090,100,2141283,3.37,IEX,12544
BTG,20250717 09:35:20.020000,922089,700,2141183,3.37,IEX,12544
BTG,20250717 09:35:20.020000,922093,359,2141642,3.37,NQNX,12544
BTG,20250717 09:35:20.032000,922121,1100,2142742,3.36,NQNX,12544
BTG,20250717 09:35:26.604000,930104,200,2142942,3.36,NQNX,12544
BTG,20250717 09:35:27.186000,930617,1233,2144175,3.36,NQNX,12544
BTG,20250717 09:35:29.457000,933112,4,2144179,3.36,NQNX,12659
BTG,20250717 09:35:35.992000,939840,29,2144208,3.36,NQNX,12659
BTG,20250717 09:35:36.530000,940481,1,2144209,3.36,NQNX,12659
BTG,20250717 09:35:37.676000,941349,4,2144213,3.36,NQNX,12659
BTG,20250717 09:35:39.860000,942803,1,2144214,3.36,NQNX,12659
BTG,20250717 09:35:39.861000,942822,1,2144215,3.37,NQNX,12659
BTG,20250717 09:35:39.876000,942837,287,2144502,3.36,BTRF,12544
BTG,20250717 09:35:41.504000,944528,139,2144641,3.36,NQNX,12544
BTG,20250717 09:35:41.804000,944842,20000,2164641,3.36,NQNX,12544
BTG,20250717 09:35:43.226000,946347,767,2165408,3.36,NQNX,12544
BTG,20250717 09:35:44.488000,947267,200,2165608,3.36,BATS,12544
BTG,20250717 09:35:44.488000,947268,200,2165808,3.36,EDGX,12544
BTG,20250717 09:35:46.816000,949816,1,2165814,3.36,NQNX,12640
BTG,20250717 09:35:46.816000,949815,5,2165813,3.36,NQNX,12659
BTG,20250717 09:35:48.830000,951524,5,2165819,3.36,NQNX,12659
BTG,20250717 09:35:49.547000,952124,2500,2168319,3.36,PACF,12544
BTG,20250717 09:35:49.572000,952138,2200,2170519,3.36,PACF,12544
BTG,20250717 09:35:49.572000,952139,300,2170819,3.36,PACF,12544
BTG,20250717 09:35:50.554000,953141,300,2171119,3.36,MIAX,12544
BTG,20250717 09:35:51.239000,953671,10,2171129,3.36,NQNX,12659
BTG,20250717 09:35:51.470000,953940,200,2171329,3.36,NQNX,12544
BTG,20250717 09:35:55.078000,956596,200,2171529,3.36,BATS,12544
BTG,20250717 09:35:55.078000,956599,200,2171729,3.36,EDGX,12544
BTG,20250717 09:35:55.253000,956980,200,2173129,3.36,NQEX,12544
BTG,20250717 09:35:55.253000,956979,200,2172929,3.36,NQNX,12544
BTG,20250717 09:35:55.253000,956969,100,2172729,3.36,BATY,12639
BTG,20250717 09:35:55.253000,956968,200,2172629,3.36,BATY,12639
BTG,20250717 09:35:55.253000,956964,200,2171929,3.36,NYSE,12544
BTG,20250717 09:35:55.253000,956966,200,2172429,3.36,PACF,12544
BTG,20250717 09:35:55.253000,956965,300,2172229,3.36,PACF,12544
BTG,20250717 09:35:55.259000,956994,200,2173329,3.36,NQNX,12544
BTG,20250717 09:35:55.259000,956995,7300,2180629,3.36,NQNX,12544
BTG,20250717 09:35:55.261000,956996,200,2180829,3.36,NQNX,12544
BTG,20250717 09:35:55.263000,956997,300,2181129,3.36,NQNX,12544
BTG,20250717 09:35:55.279000,957153,40,2181169,3.36,PACF,12659
BTG,20250717 09:35:55.279000,957161,30,2183173,3.36,MEMX,12659
BTG,20250717 09:35:55.279000,957160,250,2183143,3.36,MEMX,12544
BTG,20250717 09:35:55.279000,957155,300,2181569,3.36,PACF,12544
BTG,20250717 09:35:55.279000,957154,100,2181269,3.36,PACF,12544
BTG,20250717 09:35:55.279000,957158,250,2182891,3.36,EDGX,12544
BTG,20250717 09:35:55.279000,957157,772,2182641,3.36,BATS,12544
BTG,20250717 09:35:55.279000,957156,300,2181869,3.36,EDGX,12544
BTG,20250717 09:35:55.279000,957159,2,2182893,3.36,EDGX,12659
BTG,20250717 09:35:55.280000,957168,100,2183716,3.36,EDGE,12639
BTG,20250717 09:35:55.280000,957167,300,2183616,3.36,AMEX,12544
BTG,20250717 09:35:55.280000,957165,20,2183216,3.36,AMEX,12659
BTG,20250717 09:35:55.280000,957164,20,2183196,3.36,AMEX,12659
BTG,20250717 09:35:55.280000,957163,2,2183176,3.36,AMEX,12659
BTG,20250717 09:35:55.280000,957166,100,2183316,3.36,AMEX,12544
BTG,20250717 09:35:55.280000,957162,1,2183174,3.36,AMEX,12659
BTG,20250717 09:35:55.280000,957169,100,2183816,3.36,EDGE,12639
BTG,20250717 09:35:55.280000,957178,50,2187114,3.36,NQNX,12659
BTG,20250717 09:35:55.280000,957176,10,2187054,3.36,NQNX,12659
BTG,20250717 09:35:55.280000,957175,672,2187044,3.36,BATS,12639
BTG,20250717 09:35:55.280000,957177,10,2187064,3.36,NQNX,12659
BTG,20250717 09:35:55.280000,957173,300,2186244,3.36,NQEX,12544
BTG,20250717 09:35:55.280000,957172,2000,2185944,3.36,MIAX,12544
BTG,20250717 09:35:55.280000,957171,100,2183944,3.36,BATS,12639
BTG,20250717 09:35:55.280000,957174,128,2186372,3.36,BATS,12639
BTG,20250717 09:35:55.280000,957170,28,2183844,3.36,BATS,12659
BTG,20250717 09:35:55.302000,957187,300,2187414,3.35,NQNX,12544
BTG,20250717 09:35:55.327000,957200,700,2188114,3.35,NQNX,12544
BTG,20250717 09:35:55.328000,957202,500,2188914,3.35,NQNX,12544
BTG,20250717 09:35:55.328000,957203,100,2189014,3.35,NQNX,12544
BTG,20250717 09:35:55.328000,957204,100,2189114,3.35,NQNX,12544
BTG,20250717 09:35:55.328000,957201,300,2188414,3.35,NQNX,12544
BTG,20250717 09:35:55.503000,957462,531,2189645,3.35,NQNX,12544
BTG,20250717 09:35:55.503000,957463,580,2190225,3.35,NQNX,12544
BTG,20250717 09:35:55.504000,957464,100,2190325,3.35,NTRF,12544
BTG,20250717 09:35:55.505000,957465,2,2190327,3.35,NTRF,12659
BTG,20250717 09:35:55.526000,957525,500,2190827,3.35,NQNX,12544
BTG,20250717 09:35:55.526000,957526,500,2191327,3.35,NQNX,12544
BTG,20250717 09:35:56.057000,958672,100,2191427,3.35,NTRF,12544
BTG,20250717 09:35:56.058000,958677,150,2191577,3.35,NTRF,12544
BTG,20250717 09:35:56.350000,959005,48,2191625,3.35,NQNX,12659
BTG,20250717 09:35:56.351000,959010,4800,2203425,3.35,NYSE,12544
BTG,20250717 09:35:56.351000,959007,2200,2193825,3.35,NQNX,12544
BTG,20250717 09:35:56.351000,959011,1200,2204625,3.35,PACF,12544
BTG,20250717 09:35:56.351000,959012,4800,2209425,3.35,PACF,12544
BTG,20250717 09:35:56.351000,959013,1000,2210425,3.35,PACF,12544
BTG,20250717 09:35:56.351000,959008,4800,2198625,3.35,NQNX,12544
BTG,20250717 09:35:56.356000,959019,48,2210473,3.35,NQNX,12659
BTG,20250717 09:35:56.372000,959034,12,2210485,3.35,NQNX,12659
BTG,20250717 09:36:00.516000,962727,1200,2211685,3.35,PACF,12544
BTG,20250717 09:36:00.516000,962728,3800,2215485,3.36,PACF,12544
BTG,20250717 09:36:02.785000,965909,100,2215585,3.35,NQNX,12544
BTG,20250717 09:36:02.785000,965910,200,2215785,3.36,MIAX,12639
BTG,20250717 09:36:02.796000,965913,100,2215885,3.36,NQNX,12544
BTG,20250717 09:36:03.307000,967059,3300,2220135,3.36,PACF,12544
BTG,20250717 09:36:03.307000,967057,250,2216135,3.36,PACF,12544
BTG,20250717 09:36:03.307000,967060,26,2220161,3.36,PACF,12659
BTG,20250717 09:36:03.307000,967061,100,2220261,3.36,AMEX,12639
BTG,20250717 09:36:03.307000,967062,250,2220511,3.36,EDGX,12544
BTG,20250717 09:36:03.307000,967058,700,2216835,3.36,PACF,12544
BTG,20250717 09:36:03.307000,967063,38,2220549,3.36,EDGX,12659
BTG,20250717 09:36:03.307000,967064,10,2220559,3.36,AMEX,12659
BTG,20250717 09:36:03.307000,967065,300,2220859,3.36,NQEX,12544
BTG,20250717 09:36:03.307000,967066,1700,2222559,3.36,NQEX,12544
BTG,20250717 09:36:03.307000,967067,100,2222659,3.36,NQEX,12544
BTG,20250717 09:36:03.308000,967069,1,2222660,3.36,NQEX,12659
BTG,20250717 09:36:03.311000,967070,49,2222709,3.36,NQNX,12659
BTG,20250717 09:36:04.947000,968729,10000,2232709,3.36,NTRF,12544
BTG,20250717 09:36:05.214000,968974,1000,2233709,3.36,NQNX,12544
BTG,20250717 09:36:07.734000,971837,500,2234209,3.36,NQNX,12544
BTG,20250717 09:36:08.007000,972040,500,2234709,3.36,NQNX,12544
BTG,20250717 09:36:08.410000,972434,500,2235209,3.36,NQNX,12544
BTG,20250717 09:36:08.718000,972579,500,2235709,3.36,NQNX,12544
BTG,20250717 09:36:09.181000,972964,500,2236209,3.36,NQNX,12544
BTG,20250717 09:36:10.153000,973720,500,2236709,3.36,NQNX,12544
BTG,20250717 09:36:10.482000,973978,500,2237209,3.37,NQNX,12544
BTG,20250717 09:36:10.484000,973979,500,2237709,3.36,NQNX,12544
BTG,20250717 09:36:11.182000,974584,500,2238209,3.36,NQNX,12544
BTG,20250717 09:36:11.640000,974995,8000,2246209,3.36,NQNX,12544
BTG,20250717 09:36:12.098000,975241,300,2250209,3.37,PACF,12639
BTG,20250717 09:36:12.098000,975240,3700,2249909,3.37,PACF,12639
BTG,20250717 09:36:12.098000,975243,100,2250309,3.37,AMEX,12639
BTG,20250717 09:36:12.098000,975244,250,2250559,3.37,MEMX,12639
BTG,20250717 09:36:12.098000,975246,300,2251659,3.37,EDGX,12639
BTG,20250717 09:36:12.098000,975245,800,2251359,3.37,BATS,12639
BTG,20250717 09:36:12.098000,975247,250,2251909,3.37,EDGX,12639
BTG,20250717 09:36:12.099000,975265,400,2252709,3.37,NQEX,12639
BTG,20250717 09:36:12.099000,975263,300,2252209,3.37,NQEX,12639
BTG,20250717 09:36:12.099000,975264,100,2252309,3.37,NQEX,12639
BTG,20250717 09:36:12.102000,975384,4800,2257509,3.37,NQNX,12544
BTG,20250717 09:36:12.856000,976288,4800,2262309,3.37,BATS,12544
BTG,20250717 09:36:13.095000,976661,1,2262310,3.37,NQNX,12659
BTG,20250717 09:36:19.339000,982524,100,2262410,3.38,NQNX,12544
BTG,20250717 09:36:20.944000,983835,500,2262910,3.37,NQNX,12544
BTG,20250717 09:36:21.112000,984155,500,2263410,3.37,NQNX,12544
BTG,20250717 09:36:21.209000,984306,100,2263510,3.37,NQNX,12544
BTG,20250717 09:36:26.127000,988991,1,2263511,3.37,NQNX,12659
BTG,20250717 09:36:32.149000,994869,1171,2264682,3.37,NQNX,12544
BTG,20250717 09:36:34.905000,996719,3000,2267682,3.37,NQNX,12544
BTG,20250717 09:36:36.459000,998007,100,2269432,3.38,AMEX,12639
BTG,20250717 09:36:36.459000,998006,100,2269332,3.38,AMEX,12639
BTG,20250717 09:36:36.459000,998005,100,2269232,3.38,PACF,12639
BTG,20250717 09:36:36.459000,998004,300,2269132,3.38,EDGX,12639
BTG,20250717 09:36:36.459000,998001,300,2268482,3.38,PACF,12639
BTG,20250717 09:36:36.459000,998008,200,2269632,3.38,BATS,12639
BTG,20250717 09:36:36.459000,998003,100,2268832,3.38,PACF,12639
BTG,20250717 09:36:36.459000,998002,250,2268732,3.38,EDGX,12639
BTG,20250717 09:36:36.459000,997999,250,2267932,3.38,MEMX,12639
BTG,20250717 09:36:36.459000,998000,250,2268182,3.38,MEMX,12639
BTG,20250717 09:36:36.460000,998010,300,2272932,3.38,NQEX,12639
BTG,20250717 09:36:36.460000,998009,3000,2272632,3.38,NQEX,12639
BTG,20250717 09:36:36.460000,998011,100,2273032,3.38,NQEX,12639
BTG,20250717 09:36:36.462000,998014,250,2273832,3.37,NQNX,12544
BTG,20250717 09:36:36.462000,998013,300,2273582,3.37,NQNX,12544
BTG,20250717 09:36:36.462000,998012,250,2273282,3.37,NQNX,12544
BTG,20250717 09:36:36.463000,998015,250,2274082,3.37,NQNX,12544
BTG,20250717 09:36:37.903000,1000147,25,2274107,3.38,NQEX,12659
BTG,20250717 09:36:38.049000,1000425,75,2274182,3.38,NQEX,12659
BTG,20250717 09:36:39.843000,1002427,550,2275282,3.38,NQNX,12544
BTG,20250717 09:36:39.843000,1002426,550,2274732,3.38,NQNX,12544
BTG,20250717 09:36:39.847000,1002431,2450,2277732,3.38,NQNX,12544
BTG,20250717 09:36:40.797000,1003782,500,2278232,3.38,NQNX,12544
BTG,20250717 09:36:41.221000,1004445,500,2278732,3.38,NQNX,12544
BTG,20250717 09:36:41.586000,1004732,8000,2286732,3.38,NQNX,12544
BTG,20250717 09:36:41.848000,1004884,500,2287232,3.38,BTRF,12544
BTG,20250717 09:36:41.942000,1004963,500,2287732,3.38,NQNX,12544
BTG,20250717 09:36:42.221000,1005249,500,2288232,3.38,NQNX,12544
BTG,20250717 09:36:42.485000,1005401,500,2288732,3.38,NQNX,12544
BTG,20250717 09:36:42.804000,1005774,500,2289232,3.38,NQNX,12544
BTG,20250717 09:36:43.104000,1006074,500,2289732,3.38,NQNX,12544
BTG,20250717 09:36:43.456000,1006522,500,2290232,3.38,NQNX,12544
BTG,20250717 09:36:44.010000,1007132,200,2290432,3.38,NQNX,12544
BTG,20250717 09:36:47.523000,1011111,139,2290571,3.38,NQNX,12544
BTG,20250717 09:36:49.162000,1012464,1600,2292171,3.38,NQNX,12544
BTG,20250717 09:36:52.939000,1015576,100,2292271,3.38,NQNX,12544
BTG,20250717 09:36:59.399000,1021042,1000,2293271,3.38,NQNX,12544
BTG,20250717 09:36:59.571000,1021121,1,2293272,3.38,NQNX,12659
BTG,20250717 09:36:59.582000,1021127,1,2293273,3.38,NQNX,12659
