SymbolId,CurrentTime,Index,Bid,BidSize,Ask,AskSize,BidCondition,AskCondition,BidExchange,AskExchange
BTG,20250717 04:00:01.065000,0,3.4,298,3.44,22,REGULAR,REGULAR,EDGX,10305
BTG,20250717 04:00:01.065000,0,3.4,298,3.44,22,REGULAR,REGULAR,EDGX,10305
BTG,20250717 04:00:17.494000,0,3.4,298,3.5,1,REGULAR,REGULAR,EDGX,10305
BTG,20250717 04:01:54.280000,0,3.42,22,3.46,15,REGULAR,REGULAR,PACF,10241
BTG,20250717 04:04:43.571000,0,3.42,22,3.46,15,REGULAR,REGULAR,PACF,10241
BTG,20250717 04:15:13.375000,0,3.42,22,3.45,2,REGULAR,REGULAR,PACF,10247
BTG,20250717 04:19:53.657000,0,3.42,22,3.45,2,REGULAR,REGULAR,PACF,10247
BTG,20250717 05:13:51.167000,0,3.42,22,3.45,2,REGULAR,REGULAR,PACF,10247
BTG,20250717 05:54:01.343000,0,3.43,1,3.45,2,REGULAR,REGULAR,EDGX,10247
BTG,20250717 05:54:01.343000,0,3.43,1,3.45,2,REGULAR,REGULAR,EDGX,10247
BTG,20250717 05:54:01.343000,0,3.43,1,3.45,2,REGULAR,REGULAR,EDGX,10247
BTG,20250717 05:54:01.343000,0,3.43,1,3.45,2,REGULAR,REGULAR,EDGX,10247
BTG,20250717 05:54:01.343000,0,3.43,1,3.45,2,REGULAR,REGULAR,EDGX,10247
BTG,20250717 05:54:01.343000,0,3.43,1,3.45,2,REGULAR,REGULAR,EDGX,10247
BTG,20250717 05:54:01.343000,0,3.43,1,3.45,2,REGULAR,REGULAR,EDGX,10247
BTG,20250717 05:54:01.343000,0,3.43,1,3.45,2,REGULAR,REGULAR,EDGX,10247
BTG,20250717 05:54:01.343000,0,3.43,1,3.45,2,REGULAR,REGULAR,EDGX,10247
BTG,20250717 05:54:01.343000,0,3.43,1,3.45,2,REGULAR,REGULAR,EDGX,10247
BTG,20250717 06:25:37.830000,0,3.42,22,3.45,2,REGULAR,REGULAR,PACF,10247
BTG,20250717 06:54:59.919000,0,3.42,22,3.45,2,REGULAR,REGULAR,PACF,10247
BTG,20250717 07:00:00.229000,0,3.42,25,3.45,22,REGULAR,REGULAR,MEMX,10313
BTG,20250717 07:00:18.819000,0,3.43,6,3.45,22,REGULAR,REGULAR,MEMX,10313
BTG,20250717 07:00:18.819000,0,3.43,6,3.45,22,REGULAR,REGULAR,MEMX,10313
BTG,20250717 07:00:18.819000,0,3.43,6,3.45,22,REGULAR,REGULAR,MEMX,10313
BTG,20250717 07:00:18.819000,0,3.43,6,3.45,22,REGULAR,REGULAR,MEMX,10313
BTG,20250717 07:00:18.819000,0,3.43,6,3.45,22,REGULAR,REGULAR,MEMX,10313
BTG,20250717 07:00:18.819000,0,3.43,6,3.45,22,REGULAR,REGULAR,MEMX,10313
BTG,20250717 07:00:18.819000,0,3.43,6,3.45,22,REGULAR,REGULAR,MEMX,10313
BTG,20250717 07:00:18.820000,0,3.43,1,3.45,22,REGULAR,REGULAR,EDGX,10313
BTG,20250717 07:00:18.820000,0,3.43,1,3.45,22,REGULAR,REGULAR,EDGX,10313
BTG,20250717 07:00:18.820000,0,3.43,1,3.45,22,REGULAR,REGULAR,EDGX,10313
BTG,20250717 07:00:18.820000,0,3.43,1,3.45,22,REGULAR,REGULAR,EDGX,10313
BTG,20250717 07:00:18.820000,0,3.43,1,3.45,22,REGULAR,REGULAR,EDGX,10313
BTG,20250717 07:00:18.820000,0,3.43,1,3.45,22,REGULAR,REGULAR,EDGX,10313
BTG,20250717 07:00:18.820000,0,3.43,1,3.45,22,REGULAR,REGULAR,EDGX,10313
BTG,20250717 07:00:18.820000,0,3.43,1,3.45,22,REGULAR,REGULAR,EDGX,10313
BTG,20250717 07:02:33.795000,0,3.42,25,3.45,22,REGULAR,REGULAR,MEMX,10313
BTG,20250717 07:08:50.853000,0,3.42,30,3.45,22,REGULAR,REGULAR,MEMX,10247
BTG,20250717 07:23:52.054000,0,3.42,30,3.44,15,REGULAR,REGULAR,MEMX,10305
BTG,20250717 07:26:15.698000,0,3.42,30,3.44,15,REGULAR,REGULAR,MEMX,10305
BTG,20250717 07:38:45.855000,0,3.42,30,3.44,15,REGULAR,REGULAR,MEMX,10305
BTG,20250717 08:00:00.018000,0,3.42,32,3.44,15,REGULAR,REGULAR,MEMX,10305
BTG,20250717 08:00:00.183000,0,3.42,32,3.44,15,REGULAR,REGULAR,MEMX,10305
BTG,20250717 08:00:00.223000,0,3.42,32,3.44,15,REGULAR,REGULAR,MEMX,10305
BTG,20250717 08:00:00.429000,0,3.42,32,3.44,15,REGULAR,REGULAR,MEMX,10305
BTG,20250717 08:00:00.429000,0,3.42,32,3.44,15,REGULAR,REGULAR,MEMX,10305
BTG,20250717 08:00:00.554000,0,3.42,32,3.44,15,REGULAR,REGULAR,MEMX,10305
BTG,20250717 08:00:01.600000,0,3.42,32,3.44,15,REGULAR,REGULAR,MEMX,10305
BTG,20250717 08:00:01.727000,0,3.42,32,3.44,15,REGULAR,REGULAR,MEMX,10305
BTG,20250717 08:00:01.882000,0,3.42,32,3.44,15,REGULAR,REGULAR,MEMX,10305
BTG,20250717 08:00:02.181000,0,3.42,32,3.44,15,REGULAR,REGULAR,MEMX,10305
BTG,20250717 08:00:08.430000,0,3.42,32,3.44,15,REGULAR,REGULAR,MEMX,10305
BTG,20250717 08:00:08.513000,0,3.42,32,3.44,15,REGULAR,REGULAR,MEMX,10305
BTG,20250717 08:00:08.571000,0,3.42,32,3.44,15,REGULAR,REGULAR,MEMX,10305
BTG,20250717 08:00:09.324000,0,3.42,32,3.44,15,REGULAR,REGULAR,MEMX,10305
BTG,20250717 08:00:09.717000,0,3.42,32,3.44,15,REGULAR,REGULAR,MEMX,10305
BTG,20250717 08:00:20.054000,0,3.42,32,3.44,15,REGULAR,REGULAR,MEMX,10305
BTG,20250717 08:00:26.619000,0,3.42,32,3.44,15,REGULAR,REGULAR,MEMX,10305
BTG,20250717 08:00:26.623000,0,3.42,32,3.44,15,REGULAR,REGULAR,MEMX,10305
BTG,20250717 08:00:26.633000,0,3.42,32,3.44,15,REGULAR,REGULAR,MEMX,10305
BTG,20250717 08:03:54.653000,0,3.42,32,3.44,15,REGULAR,REGULAR,MEMX,10305
BTG,20250717 08:05:01.480000,0,3.42,32,3.44,15,REGULAR,REGULAR,MEMX,10305
BTG,20250717 08:05:17.482000,0,3.42,32,3.44,21,REGULAR,REGULAR,MEMX,10305
BTG,20250717 08:12:29.798000,0,3.43,1,3.44,11,REGULAR,REGULAR,PACF,10305
BTG,20250717 08:15:42.343000,0,3.43,1,3.44,11,REGULAR,REGULAR,PACF,10305
BTG,20250717 08:20:51.074000,0,3.43,1,3.44,10,REGULAR,REGULAR,PACF,10243
BTG,20250717 08:24:03.275000,0,3.43,33,3.44,56,REGULAR,REGULAR,PACF,10241
BTG,20250717 08:24:03.275000,0,3.43,33,3.44,56,REGULAR,REGULAR,PACF,10241
BTG,20250717 08:24:03.275000,0,3.43,33,3.44,56,REGULAR,REGULAR,PACF,10241
BTG,20250717 08:24:03.275000,0,3.43,33,3.44,56,REGULAR,REGULAR,PACF,10241
BTG,20250717 08:24:03.275000,0,3.43,33,3.44,56,REGULAR,REGULAR,PACF,10241
BTG,20250717 08:24:03.275000,0,3.43,33,3.44,56,REGULAR,REGULAR,PACF,10241
BTG,20250717 08:24:03.275000,0,3.43,33,3.44,56,REGULAR,REGULAR,PACF,10241
BTG,20250717 08:24:03.275000,0,3.43,33,3.44,56,REGULAR,REGULAR,PACF,10241
BTG,20250717 08:24:03.275000,0,3.43,33,3.44,56,REGULAR,REGULAR,PACF,10241
BTG,20250717 08:24:03.275000,0,3.43,33,3.44,56,REGULAR,REGULAR,PACF,10241
BTG,20250717 08:24:03.275000,0,3.43,33,3.44,56,REGULAR,REGULAR,PACF,10241
BTG,20250717 08:24:03.275000,0,3.43,33,3.44,56,REGULAR,REGULAR,PACF,10241
BTG,20250717 08:24:03.275000,0,3.43,33,3.44,56,REGULAR,REGULAR,PACF,10241
BTG,20250717 08:24:03.275000,0,3.43,33,3.44,56,REGULAR,REGULAR,PACF,10241
BTG,20250717 08:24:03.287000,0,3.44,48,3.45,23,REGULAR,REGULAR,NQEX,10247
BTG,20250717 08:24:03.287000,0,3.44,48,3.45,23,REGULAR,REGULAR,NQEX,10247
BTG,20250717 08:24:03.287000,0,3.44,48,3.45,23,REGULAR,REGULAR,NQEX,10247
BTG,20250717 08:24:03.287000,0,3.44,48,3.45,23,REGULAR,REGULAR,NQEX,10247
BTG,20250717 08:24:03.287000,0,3.44,48,3.45,23,REGULAR,REGULAR,NQEX,10247
BTG,20250717 08:24:03.287000,0,3.44,48,3.45,23,REGULAR,REGULAR,NQEX,10247
BTG,20250717 08:24:03.287000,0,3.44,48,3.45,23,REGULAR,REGULAR,NQEX,10247
BTG,20250717 08:24:03.287000,0,3.44,48,3.45,23,REGULAR,REGULAR,NQEX,10247
BTG,20250717 08:24:03.287000,0,3.44,48,3.45,23,REGULAR,REGULAR,NQEX,10247
BTG,20250717 08:24:03.287000,0,3.44,48,3.45,23,REGULAR,REGULAR,NQEX,10247
BTG,20250717 08:24:03.288000,0,3.44,23,3.44,48,REGULAR,REGULAR,PHIL,10241
BTG,20250717 08:24:03.288000,0,3.44,23,3.44,48,REGULAR,REGULAR,PHIL,10241
BTG,20250717 08:24:03.288000,0,3.44,23,3.44,48,REGULAR,REGULAR,PHIL,10241
BTG,20250717 08:24:03.288000,0,3.44,23,3.44,48,REGULAR,REGULAR,PHIL,10241
BTG,20250717 08:24:03.288000,0,3.44,23,3.44,48,REGULAR,REGULAR,PHIL,10241
BTG,20250717 08:24:03.288000,0,3.44,23,3.44,48,REGULAR,REGULAR,PHIL,10241
BTG,20250717 08:24:03.293000,0,3.44,29,3.45,22,REGULAR,REGULAR,NQEX,10313
BTG,20250717 08:24:03.293000,0,3.44,29,3.45,22,REGULAR,REGULAR,NQEX,10313
BTG,20250717 08:24:03.293000,0,3.44,29,3.45,22,REGULAR,REGULAR,NQEX,10313
BTG,20250717 08:24:03.293000,0,3.44,29,3.45,22,REGULAR,REGULAR,NQEX,10313
BTG,20250717 08:24:03.293000,0,3.44,29,3.45,22,REGULAR,REGULAR,NQEX,10313
BTG,20250717 08:24:03.293000,0,3.44,29,3.45,22,REGULAR,REGULAR,NQEX,10313
BTG,20250717 08:24:03.293000,0,3.44,29,3.45,22,REGULAR,REGULAR,NQEX,10313
BTG,20250717 08:24:24.298000,0,3.45,2,3.45,22,REGULAR,REGULAR,PHIL,10313
BTG,20250717 08:24:27.615000,0,3.44,551,3.45,15,REGULAR,REGULAR,PACF,10241
BTG,20250717 08:26:11.549000,0,3.44,551,3.46,31,REGULAR,REGULAR,PACF,10247
BTG,20250717 08:26:11.549000,0,3.44,551,3.46,31,REGULAR,REGULAR,PACF,10247
BTG,20250717 08:26:11.549000,0,3.44,551,3.46,31,REGULAR,REGULAR,PACF,10247
BTG,20250717 08:30:34.605000,0,3.43,1,3.45,8,REGULAR,REGULAR,PACF,10305
BTG,20250717 08:30:34.605000,0,3.43,1,3.45,8,REGULAR,REGULAR,PACF,10305
BTG,20250717 08:30:34.605000,0,3.43,1,3.45,8,REGULAR,REGULAR,PACF,10305
BTG,20250717 08:30:34.605000,0,3.43,1,3.45,8,REGULAR,REGULAR,PACF,10305
BTG,20250717 08:30:34.605000,0,3.43,1,3.45,8,REGULAR,REGULAR,PACF,10305
BTG,20250717 08:30:34.605000,0,3.43,1,3.45,8,REGULAR,REGULAR,PACF,10305
BTG,20250717 08:30:34.605000,0,3.43,1,3.45,8,REGULAR,REGULAR,PACF,10305
BTG,20250717 08:30:45.414000,0,3.43,1,3.46,15,REGULAR,REGULAR,PACF,10305
BTG,20250717 08:30:45.415000,0,3.42,10,3.45,1,REGULAR,REGULAR,MEMX,10247
BTG,20250717 08:30:51.833000,0,3.42,6,3.44,5,REGULAR,REGULAR,BATY,10313
BTG,20250717 08:30:51.833000,0,3.42,6,3.44,5,REGULAR,REGULAR,BATY,10313
BTG,20250717 08:30:51.833000,0,3.42,6,3.44,5,REGULAR,REGULAR,BATY,10313
BTG,20250717 08:30:51.833000,0,3.42,6,3.44,5,REGULAR,REGULAR,BATY,10313
BTG,20250717 08:30:51.833000,0,3.42,6,3.44,5,REGULAR,REGULAR,BATY,10313
BTG,20250717 08:30:51.833000,0,3.42,6,3.44,5,REGULAR,REGULAR,BATY,10313
BTG,20250717 08:30:51.833000,0,3.42,6,3.44,5,REGULAR,REGULAR,BATY,10313
BTG,20250717 08:30:51.833000,0,3.42,6,3.44,5,REGULAR,REGULAR,BATY,10313
BTG,20250717 08:30:51.833000,0,3.42,6,3.44,5,REGULAR,REGULAR,BATY,10313
BTG,20250717 08:30:51.833000,0,3.42,6,3.44,5,REGULAR,REGULAR,BATY,10313
BTG,20250717 08:30:51.833000,0,3.42,6,3.44,5,REGULAR,REGULAR,BATY,10313
BTG,20250717 08:30:51.833000,0,3.42,6,3.44,5,REGULAR,REGULAR,BATY,10313
BTG,20250717 08:30:51.834000,0,3.41,6,3.43,75,REGULAR,REGULAR,PACF,10300
BTG,20250717 08:30:51.834000,0,3.41,6,3.43,75,REGULAR,REGULAR,PACF,10300
BTG,20250717 08:30:51.834000,0,3.41,6,3.43,75,REGULAR,REGULAR,PACF,10300
BTG,20250717 08:30:51.834000,0,3.41,6,3.43,75,REGULAR,REGULAR,PACF,10300
BTG,20250717 08:32:56.143000,0,3.41,6,3.44,19,REGULAR,REGULAR,BATY,10247
BTG,20250717 08:33:02.160000,0,3.41,6,3.44,22,REGULAR,REGULAR,BATY,10313
BTG,20250717 08:36:26.699000,0,3.41,25,3.44,22,REGULAR,REGULAR,MEMX,10313
BTG,20250717 08:38:24.383000,0,3.41,25,3.44,22,REGULAR,REGULAR,MEMX,10313
BTG,20250717 08:39:13.190000,0,3.41,28,3.46,15,REGULAR,REGULAR,PACF,10305
BTG,20250717 08:40:35.788000,0,3.41,25,3.43,12,REGULAR,REGULAR,MEMX,10247
BTG,20250717 08:40:35.788000,0,3.41,25,3.43,12,REGULAR,REGULAR,MEMX,10247
BTG,20250717 08:40:35.788000,0,3.41,25,3.43,12,REGULAR,REGULAR,MEMX,10247
BTG,20250717 08:40:35.788000,0,3.41,25,3.43,12,REGULAR,REGULAR,MEMX,10247
BTG,20250717 08:40:35.788000,0,3.41,25,3.43,12,REGULAR,REGULAR,MEMX,10247
BTG,20250717 08:42:17.602000,0,3.41,30,3.43,22,REGULAR,REGULAR,MEMX,10247
BTG,20250717 08:42:28.474000,0,3.41,30,3.43,22,REGULAR,REGULAR,MEMX,10313
BTG,20250717 08:43:51.205000,0,3.41,32,3.43,22,REGULAR,REGULAR,MEMX,10247
BTG,20250717 08:45:03.218000,0,3.41,32,3.43,22,REGULAR,REGULAR,MEMX,10247
BTG,20250717 08:45:08.056000,0,3.41,32,3.42,106,REGULAR,REGULAR,MEMX,10305
BTG,20250717 08:45:08.056000,0,3.41,32,3.42,106,REGULAR,REGULAR,MEMX,10305
BTG,20250717 08:47:59.265000,0,3.41,32,3.42,106,REGULAR,REGULAR,MEMX,10305
BTG,20250717 08:48:53.398000,0,3.41,32,3.42,106,REGULAR,REGULAR,MEMX,10305
BTG,20250717 08:50:24.108000,0,3.41,32,3.42,106,REGULAR,REGULAR,MEMX,10305
BTG,20250717 08:51:58.169000,0,3.41,10,3.42,106,REGULAR,REGULAR,MEMX,10305
BTG,20250717 08:52:47.866000,0,3.41,32,3.42,106,REGULAR,REGULAR,MEMX,10305
BTG,20250717 08:52:53.794000,0,3.41,32,3.42,106,REGULAR,REGULAR,MEMX,10305
BTG,20250717 08:53:25.113000,0,3.41,32,3.42,106,REGULAR,REGULAR,MEMX,10305
BTG,20250717 08:53:27.754000,0,3.41,32,3.42,106,REGULAR,REGULAR,MEMX,10305
BTG,20250717 08:56:28.810000,0,3.41,75,3.42,22,REGULAR,REGULAR,MEMX,10313
BTG,20250717 08:56:29.586000,0,3.41,75,3.42,22,REGULAR,REGULAR,MEMX,10313
BTG,20250717 08:57:47.456000,0,3.4,409,3.41,2,REGULAR,REGULAR,EDGX,10247
BTG,20250717 08:57:47.456000,0,3.4,409,3.41,2,REGULAR,REGULAR,EDGX,10247
BTG,20250717 08:57:47.456000,0,3.4,409,3.41,2,REGULAR,REGULAR,EDGX,10247
BTG,20250717 08:57:47.456000,0,3.4,409,3.41,2,REGULAR,REGULAR,EDGX,10247
BTG,20250717 08:57:47.456000,0,3.4,409,3.41,2,REGULAR,REGULAR,EDGX,10247
BTG,20250717 08:57:47.456000,0,3.4,409,3.41,2,REGULAR,REGULAR,EDGX,10247
BTG,20250717 08:57:47.456000,0,3.4,409,3.41,2,REGULAR,REGULAR,EDGX,10247
BTG,20250717 08:57:47.456000,0,3.4,409,3.41,2,REGULAR,REGULAR,EDGX,10247
BTG,20250717 08:57:47.456000,0,3.4,409,3.41,2,REGULAR,REGULAR,EDGX,10247
BTG,20250717 08:57:47.456000,0,3.4,409,3.41,2,REGULAR,REGULAR,EDGX,10247
BTG,20250717 08:57:47.456000,0,3.4,409,3.41,2,REGULAR,REGULAR,EDGX,10247
BTG,20250717 08:57:47.456000,0,3.4,409,3.41,2,REGULAR,REGULAR,EDGX,10247
BTG,20250717 08:57:47.457000,0,3.4,409,3.41,3,REGULAR,REGULAR,EDGX,10305
BTG,20250717 08:58:02.320000,0,3.4,409,3.41,333,REGULAR,REGULAR,EDGX,10247
BTG,20250717 09:00:08.300000,0,3.4,415,3.41,333,REGULAR,REGULAR,EDGX,10247
BTG,20250717 09:00:08.300000,0,3.4,415,3.41,333,REGULAR,REGULAR,EDGX,10247
BTG,20250717 09:00:10.234000,0,3.4,415,3.41,311,REGULAR,REGULAR,EDGX,10247
BTG,20250717 09:00:10.236000,0,3.4,415,3.41,311,REGULAR,REGULAR,EDGX,10247
BTG,20250717 09:00:12.787000,0,3.4,409,3.41,333,REGULAR,REGULAR,EDGX,10247
BTG,20250717 09:00:48.459000,0,3.4,412,3.41,333,REGULAR,REGULAR,EDGX,10247
BTG,20250717 09:01:40.935000,0,3.4,412,3.41,333,REGULAR,REGULAR,EDGX,10247
BTG,20250717 09:02:19.579000,0,3.4,411,3.41,333,REGULAR,REGULAR,EDGX,10247
BTG,20250717 09:02:33.298000,0,3.4,410,3.41,333,REGULAR,REGULAR,EDGX,10247
BTG,20250717 09:05:40.608000,0,3.4,410,3.41,333,REGULAR,REGULAR,EDGX,10247
BTG,20250717 09:07:01.439000,0,3.4,410,3.41,335,REGULAR,REGULAR,EDGX,10247
BTG,20250717 09:07:09.748000,0,3.4,410,3.41,335,REGULAR,REGULAR,EDGX,10247
BTG,20250717 09:09:14.031000,0,3.4,418,3.41,335,REGULAR,REGULAR,EDGX,10247
BTG,20250717 09:09:14.032000,0,3.4,418,3.41,335,REGULAR,REGULAR,EDGX,10247
BTG,20250717 09:11:41.829000,0,3.4,455,3.41,335,REGULAR,REGULAR,EDGX,10247
BTG,20250717 09:14:21.575000,0,3.4,455,3.41,335,REGULAR,REGULAR,EDGX,10247
BTG,20250717 09:14:45.924000,0,3.4,455,3.41,333,REGULAR,REGULAR,EDGX,10247
BTG,20250717 09:15:20.678000,0,3.39,24,3.4,15,REGULAR,REGULAR,PACF,10247
BTG,20250717 09:15:20.678000,0,3.39,24,3.4,15,REGULAR,REGULAR,PACF,10247
BTG,20250717 09:15:20.678000,0,3.39,24,3.4,15,REGULAR,REGULAR,PACF,10247
BTG,20250717 09:15:20.678000,0,3.39,24,3.4,15,REGULAR,REGULAR,PACF,10247
BTG,20250717 09:15:20.678000,0,3.39,24,3.4,15,REGULAR,REGULAR,PACF,10247
BTG,20250717 09:15:20.678000,0,3.39,24,3.4,15,REGULAR,REGULAR,PACF,10247
BTG,20250717 09:15:20.678000,0,3.39,24,3.4,15,REGULAR,REGULAR,PACF,10247
BTG,20250717 09:15:20.678000,0,3.39,24,3.4,15,REGULAR,REGULAR,PACF,10247
BTG,20250717 09:15:20.678000,0,3.39,24,3.4,15,REGULAR,REGULAR,PACF,10247
BTG,20250717 09:15:20.678000,0,3.39,24,3.4,15,REGULAR,REGULAR,PACF,10247
BTG,20250717 09:15:20.678000,0,3.39,24,3.4,15,REGULAR,REGULAR,PACF,10247
BTG,20250717 09:15:20.678000,0,3.39,24,3.4,15,REGULAR,REGULAR,PACF,10247
BTG,20250717 09:15:20.678000,0,3.39,24,3.4,15,REGULAR,REGULAR,PACF,10247
BTG,20250717 09:15:20.678000,0,3.39,24,3.4,15,REGULAR,REGULAR,PACF,10247
BTG,20250717 09:15:20.678000,0,3.39,24,3.4,15,REGULAR,REGULAR,PACF,10247
BTG,20250717 09:15:20.678000,0,3.39,24,3.4,15,REGULAR,REGULAR,PACF,10247
BTG,20250717 09:15:20.678000,0,3.39,24,3.4,15,REGULAR,REGULAR,PACF,10247
BTG,20250717 09:15:20.678000,0,3.39,24,3.4,15,REGULAR,REGULAR,PACF,10247
BTG,20250717 09:15:20.678000,0,3.39,24,3.4,15,REGULAR,REGULAR,PACF,10247
BTG,20250717 09:15:20.678000,0,3.39,24,3.4,15,REGULAR,REGULAR,PACF,10247
BTG,20250717 09:15:20.678000,0,3.39,24,3.4,15,REGULAR,REGULAR,PACF,10247
BTG,20250717 09:15:20.678000,0,3.39,24,3.4,15,REGULAR,REGULAR,PACF,10247
BTG,20250717 09:15:20.678000,0,3.39,24,3.4,15,REGULAR,REGULAR,PACF,10247
BTG,20250717 09:15:20.678000,0,3.39,24,3.4,15,REGULAR,REGULAR,PACF,10247
BTG,20250717 09:15:20.678000,0,3.39,24,3.4,15,REGULAR,REGULAR,PACF,10247
BTG,20250717 09:15:20.678000,0,3.39,24,3.4,15,REGULAR,REGULAR,PACF,10247
BTG,20250717 09:15:20.678000,0,3.39,24,3.4,15,REGULAR,REGULAR,PACF,10247
BTG,20250717 09:15:20.678000,0,3.39,24,3.4,15,REGULAR,REGULAR,PACF,10247
BTG,20250717 09:15:20.678000,0,3.39,24,3.4,15,REGULAR,REGULAR,PACF,10247
BTG,20250717 09:15:20.678000,0,3.39,24,3.4,15,REGULAR,REGULAR,PACF,10247
BTG,20250717 09:15:20.678000,0,3.39,24,3.4,15,REGULAR,REGULAR,PACF,10247
BTG,20250717 09:15:20.678000,0,3.39,24,3.4,15,REGULAR,REGULAR,PACF,10247
BTG,20250717 09:15:20.678000,0,3.39,24,3.4,15,REGULAR,REGULAR,PACF,10247
BTG,20250717 09:15:20.678000,0,3.39,24,3.4,15,REGULAR,REGULAR,PACF,10247
BTG,20250717 09:15:20.678000,0,3.39,24,3.4,15,REGULAR,REGULAR,PACF,10247
BTG,20250717 09:15:20.678000,0,3.39,24,3.4,15,REGULAR,REGULAR,PACF,10247
BTG,20250717 09:15:20.678000,0,3.39,24,3.4,15,REGULAR,REGULAR,PACF,10247
BTG,20250717 09:15:20.678000,0,3.39,24,3.4,15,REGULAR,REGULAR,PACF,10247
BTG,20250717 09:15:20.678000,0,3.39,24,3.4,15,REGULAR,REGULAR,PACF,10247
BTG,20250717 09:15:20.678000,0,3.39,24,3.4,15,REGULAR,REGULAR,PACF,10247
BTG,20250717 09:15:20.678000,0,3.39,24,3.4,15,REGULAR,REGULAR,PACF,10247
BTG,20250717 09:15:20.678000,0,3.39,24,3.4,15,REGULAR,REGULAR,PACF,10247
BTG,20250717 09:15:20.678000,0,3.39,24,3.4,15,REGULAR,REGULAR,PACF,10247
BTG,20250717 09:15:20.678000,0,3.39,24,3.4,15,REGULAR,REGULAR,PACF,10247
BTG,20250717 09:15:20.678000,0,3.39,24,3.4,15,REGULAR,REGULAR,PACF,10247
BTG,20250717 09:15:20.678000,0,3.39,24,3.4,15,REGULAR,REGULAR,PACF,10247
BTG,20250717 09:15:20.678000,0,3.39,24,3.4,15,REGULAR,REGULAR,PACF,10247
BTG,20250717 09:15:20.678000,0,3.39,24,3.4,15,REGULAR,REGULAR,PACF,10247
BTG,20250717 09:15:20.679000,0,3.4,51,3.41,333,REGULAR,REGULAR,PACF,10247
BTG,20250717 09:15:20.679000,0,3.4,51,3.41,333,REGULAR,REGULAR,PACF,10247
BTG,20250717 09:15:20.679000,0,3.4,51,3.41,333,REGULAR,REGULAR,PACF,10247
BTG,20250717 09:15:20.679000,0,3.4,51,3.41,333,REGULAR,REGULAR,PACF,10247
BTG,20250717 09:15:20.679000,0,3.4,51,3.41,333,REGULAR,REGULAR,PACF,10247
BTG,20250717 09:15:20.679000,0,3.4,51,3.41,333,REGULAR,REGULAR,PACF,10247
BTG,20250717 09:15:20.679000,0,3.4,51,3.41,333,REGULAR,REGULAR,PACF,10247
BTG,20250717 09:15:20.679000,0,3.4,51,3.41,333,REGULAR,REGULAR,PACF,10247
BTG,20250717 09:15:20.679000,0,3.4,51,3.41,333,REGULAR,REGULAR,PACF,10247
BTG,20250717 09:17:08.921000,0,3.41,4,3.41,17,REGULAR,REGULAR,EDGX,10241
BTG,20250717 09:17:08.921000,0,3.41,4,3.41,17,REGULAR,REGULAR,EDGX,10241
BTG,20250717 09:17:08.921000,0,3.41,4,3.41,17,REGULAR,REGULAR,EDGX,10241
BTG,20250717 09:17:08.921000,0,3.41,4,3.41,17,REGULAR,REGULAR,EDGX,10241
BTG,20250717 09:17:08.921000,0,3.41,4,3.41,17,REGULAR,REGULAR,EDGX,10241
BTG,20250717 09:17:08.921000,0,3.41,4,3.41,17,REGULAR,REGULAR,EDGX,10241
BTG,20250717 09:17:08.921000,0,3.41,4,3.41,17,REGULAR,REGULAR,EDGX,10241
BTG,20250717 09:17:08.922000,0,3.4,66,3.41,19,REGULAR,REGULAR,PACF,10241
BTG,20250717 09:17:08.922000,0,3.4,66,3.41,19,REGULAR,REGULAR,PACF,10241
BTG,20250717 09:17:08.922000,0,3.4,66,3.41,19,REGULAR,REGULAR,PACF,10241
BTG,20250717 09:17:08.922000,0,3.4,66,3.41,19,REGULAR,REGULAR,PACF,10241
BTG,20250717 09:17:08.922000,0,3.4,66,3.41,19,REGULAR,REGULAR,PACF,10241
BTG,20250717 09:17:08.922000,0,3.4,66,3.41,19,REGULAR,REGULAR,PACF,10241
BTG,20250717 09:17:08.922000,0,3.4,66,3.41,19,REGULAR,REGULAR,PACF,10241
BTG,20250717 09:17:08.922000,0,3.4,66,3.41,19,REGULAR,REGULAR,PACF,10241
BTG,20250717 09:17:08.922000,0,3.4,66,3.41,19,REGULAR,REGULAR,PACF,10241
BTG,20250717 09:17:08.922000,0,3.4,66,3.41,19,REGULAR,REGULAR,PACF,10241
BTG,20250717 09:17:08.922000,0,3.4,66,3.41,19,REGULAR,REGULAR,PACF,10241
BTG,20250717 09:17:08.922000,0,3.4,66,3.41,19,REGULAR,REGULAR,PACF,10241
BTG,20250717 09:17:08.922000,0,3.4,66,3.41,19,REGULAR,REGULAR,PACF,10241
BTG,20250717 09:17:08.932000,0,3.41,54,3.42,333,REGULAR,REGULAR,NQEX,10247
BTG,20250717 09:17:08.932000,0,3.41,54,3.42,333,REGULAR,REGULAR,NQEX,10247
BTG,20250717 09:17:08.932000,0,3.41,54,3.42,333,REGULAR,REGULAR,NQEX,10247
BTG,20250717 09:17:08.932000,0,3.41,54,3.42,333,REGULAR,REGULAR,NQEX,10247
BTG,20250717 09:17:08.932000,0,3.41,54,3.42,333,REGULAR,REGULAR,NQEX,10247
BTG,20250717 09:17:08.932000,0,3.41,54,3.42,333,REGULAR,REGULAR,NQEX,10247
BTG,20250717 09:17:08.932000,0,3.41,54,3.42,333,REGULAR,REGULAR,NQEX,10247
BTG,20250717 09:17:08.932000,0,3.41,54,3.42,333,REGULAR,REGULAR,NQEX,10247
BTG,20250717 09:17:08.986000,0,3.41,15,3.42,333,REGULAR,REGULAR,NQEX,10247
BTG,20250717 09:17:37.453000,0,3.41,8,3.42,333,REGULAR,REGULAR,NQEX,10247
BTG,20250717 09:18:13.581000,0,3.41,8,3.42,333,REGULAR,REGULAR,NQEX,10247
BTG,20250717 09:21:42.758000,0,3.41,27,3.42,333,REGULAR,REGULAR,BATS,10247
BTG,20250717 09:22:06.154000,0,3.41,27,3.42,333,REGULAR,REGULAR,BATS,10247
BTG,20250717 09:22:07.088000,0,3.41,38,3.42,333,REGULAR,REGULAR,PACF,10247
BTG,20250717 09:23:28.807000,0,3.41,38,3.42,333,REGULAR,REGULAR,PACF,10247
BTG,20250717 09:24:00.664000,0,3.41,38,3.42,333,REGULAR,REGULAR,PACF,10247
BTG,20250717 09:24:26.004000,0,3.41,38,3.42,333,REGULAR,REGULAR,PACF,10247
BTG,20250717 09:24:26.688000,0,3.41,38,3.42,333,REGULAR,REGULAR,PACF,10247
BTG,20250717 09:24:56.436000,0,3.41,38,3.42,22,REGULAR,REGULAR,PACF,10313
BTG,20250717 09:24:56.440000,0,3.41,27,3.42,30,REGULAR,REGULAR,NQEX,10247
BTG,20250717 09:24:56.440000,0,3.41,27,3.42,30,REGULAR,REGULAR,NQEX,10247
BTG,20250717 09:24:56.440000,0,3.41,27,3.42,30,REGULAR,REGULAR,NQEX,10247
BTG,20250717 09:24:56.441000,0,3.4,22,3.41,43,REGULAR,REGULAR,MEMX,10247
BTG,20250717 09:24:56.441000,0,3.4,22,3.41,43,REGULAR,REGULAR,MEMX,10247
BTG,20250717 09:24:56.441000,0,3.4,22,3.41,43,REGULAR,REGULAR,MEMX,10247
BTG,20250717 09:24:56.441000,0,3.4,22,3.41,43,REGULAR,REGULAR,MEMX,10247
BTG,20250717 09:24:56.441000,0,3.4,22,3.41,43,REGULAR,REGULAR,MEMX,10247
BTG,20250717 09:24:56.441000,0,3.4,22,3.41,43,REGULAR,REGULAR,MEMX,10247
BTG,20250717 09:24:56.441000,0,3.4,22,3.41,43,REGULAR,REGULAR,MEMX,10247
BTG,20250717 09:24:56.441000,0,3.4,22,3.41,43,REGULAR,REGULAR,MEMX,10247
BTG,20250717 09:24:56.441000,0,3.4,22,3.41,43,REGULAR,REGULAR,MEMX,10247
BTG,20250717 09:24:56.441000,0,3.4,22,3.41,43,REGULAR,REGULAR,MEMX,10247
BTG,20250717 09:24:56.441000,0,3.4,22,3.41,43,REGULAR,REGULAR,MEMX,10247
BTG,20250717 09:24:56.441000,0,3.4,22,3.41,43,REGULAR,REGULAR,MEMX,10247
BTG,20250717 09:24:56.441000,0,3.4,22,3.41,43,REGULAR,REGULAR,MEMX,10247
BTG,20250717 09:24:56.441000,0,3.4,22,3.41,43,REGULAR,REGULAR,MEMX,10247
BTG,20250717 09:24:56.441000,0,3.4,22,3.41,43,REGULAR,REGULAR,MEMX,10247
BTG,20250717 09:24:56.441000,0,3.4,22,3.41,43,REGULAR,REGULAR,MEMX,10247
BTG,20250717 09:24:56.441000,0,3.4,22,3.41,43,REGULAR,REGULAR,MEMX,10247
BTG,20250717 09:24:56.441000,0,3.4,22,3.41,43,REGULAR,REGULAR,MEMX,10247
BTG,20250717 09:24:56.441000,0,3.4,22,3.41,43,REGULAR,REGULAR,MEMX,10247
BTG,20250717 09:24:56.441000,0,3.4,22,3.41,43,REGULAR,REGULAR,MEMX,10247
BTG,20250717 09:24:56.441000,0,3.4,22,3.41,43,REGULAR,REGULAR,MEMX,10247
BTG,20250717 09:24:56.441000,0,3.4,22,3.41,43,REGULAR,REGULAR,MEMX,10247
BTG,20250717 09:24:56.441000,0,3.4,22,3.41,43,REGULAR,REGULAR,MEMX,10247
BTG,20250717 09:24:56.441000,0,3.4,22,3.41,43,REGULAR,REGULAR,MEMX,10247
BTG,20250717 09:24:56.441000,0,3.4,22,3.41,43,REGULAR,REGULAR,MEMX,10247
BTG,20250717 09:24:56.441000,0,3.4,22,3.41,43,REGULAR,REGULAR,MEMX,10247
BTG,20250717 09:24:56.441000,0,3.4,22,3.41,43,REGULAR,REGULAR,MEMX,10247
BTG,20250717 09:25:00.052000,0,3.4,3,3.41,115,REGULAR,REGULAR,PACF,10247
BTG,20250717 09:25:00.052000,0,3.4,3,3.41,115,REGULAR,REGULAR,PACF,10247
BTG,20250717 09:25:54.165000,0,3.4,3,3.41,115,REGULAR,REGULAR,PACF,10247
BTG,20250717 09:26:38.707000,0,3.4,3,3.41,115,REGULAR,REGULAR,PACF,10247
BTG,20250717 09:26:47.425000,0,3.4,3,3.41,115,REGULAR,REGULAR,PACF,10247
BTG,20250717 09:30:00.045000,0,3.4,13,3.43,10,REGULAR,REGULAR,BATS,10247
BTG,20250717 09:30:00.045000,0,3.4,13,3.43,10,REGULAR,REGULAR,BATS,10247
BTG,20250717 09:30:00.094000,0,3.4,53,3.41,41,REGULAR,REGULAR,AMEX,10244
BTG,20250717 09:30:00.099000,0,3.4,53,3.41,41,REGULAR,REGULAR,AMEX,10244
BTG,20250717 09:30:00.099000,0,3.4,53,3.41,41,REGULAR,REGULAR,AMEX,10244
BTG,20250717 09:30:00.108000,0,3.4,53,3.41,41,REGULAR,REGULAR,AMEX,10244
BTG,20250717 09:30:00.112000,0,3.4,53,3.41,41,REGULAR,REGULAR,AMEX,10244
BTG,20250717 09:30:00.116000,0,3.4,53,3.41,41,REGULAR,REGULAR,AMEX,10244
BTG,20250717 09:30:00.116000,0,3.4,53,3.41,41,REGULAR,REGULAR,AMEX,10244
BTG,20250717 09:30:00.117000,0,3.4,53,3.41,41,REGULAR,REGULAR,AMEX,10244
BTG,20250717 09:30:00.120000,0,3.4,53,3.41,41,REGULAR,REGULAR,AMEX,10244
BTG,20250717 09:30:00.121000,0,3.4,53,3.41,41,REGULAR,REGULAR,AMEX,10244
BTG,20250717 09:30:00.122000,0,3.4,53,3.41,41,REGULAR,REGULAR,AMEX,10244
BTG,20250717 09:30:00.123000,0,3.4,53,3.41,41,REGULAR,REGULAR,AMEX,10244
BTG,20250717 09:30:00.123000,0,3.4,53,3.41,41,REGULAR,REGULAR,AMEX,10244
BTG,20250717 09:30:00.124000,0,3.4,53,3.41,41,REGULAR,REGULAR,AMEX,10244
BTG,20250717 09:30:00.124000,0,3.4,53,3.41,41,REGULAR,REGULAR,AMEX,10244
BTG,20250717 09:30:00.125000,0,3.4,53,3.41,41,REGULAR,REGULAR,AMEX,10244
BTG,20250717 09:30:00.129000,0,3.4,53,3.41,41,REGULAR,REGULAR,AMEX,10244
BTG,20250717 09:30:00.131000,0,3.4,53,3.41,41,REGULAR,REGULAR,AMEX,10244
BTG,20250717 09:30:00.147000,0,3.4,53,3.41,41,REGULAR,REGULAR,AMEX,10244
BTG,20250717 09:30:00.147000,0,3.4,53,3.41,41,REGULAR,REGULAR,AMEX,10244
BTG,20250717 09:30:00.157000,0,3.4,53,3.41,41,REGULAR,REGULAR,AMEX,10244
BTG,20250717 09:30:00.177000,0,3.4,53,3.41,41,REGULAR,REGULAR,AMEX,10244
BTG,20250717 09:30:00.308000,0,3.4,53,3.41,48,REGULAR,REGULAR,AMEX,10244
BTG,20250717 09:30:00.313000,0,3.4,53,3.41,48,REGULAR,REGULAR,AMEX,10244
BTG,20250717 09:30:00.313000,0,3.4,53,3.41,48,REGULAR,REGULAR,AMEX,10244
BTG,20250717 09:30:00.314000,0,3.4,53,3.41,48,REGULAR,REGULAR,AMEX,10244
BTG,20250717 09:30:00.314000,0,3.4,53,3.41,48,REGULAR,REGULAR,AMEX,10244
BTG,20250717 09:30:00.320000,0,3.4,53,3.41,48,REGULAR,REGULAR,AMEX,10244
BTG,20250717 09:30:00.322000,0,3.4,53,3.41,48,REGULAR,REGULAR,AMEX,10244
BTG,20250717 09:30:00.356000,0,3.4,53,3.41,48,REGULAR,REGULAR,AMEX,10244
BTG,20250717 09:30:00.430000,0,3.4,53,3.41,48,REGULAR,REGULAR,AMEX,10244
BTG,20250717 09:30:00.432000,0,3.4,53,3.41,48,REGULAR,REGULAR,AMEX,10244
BTG,20250717 09:30:00.432000,0,3.4,53,3.41,48,REGULAR,REGULAR,AMEX,10244
BTG,20250717 09:30:00.434000,0,3.4,53,3.41,48,REGULAR,REGULAR,AMEX,10244
BTG,20250717 09:30:00.442000,0,3.4,63,3.41,48,REGULAR,REGULAR,AMEX,10244
BTG,20250717 09:30:00.522000,0,3.4,63,3.41,48,REGULAR,REGULAR,AMEX,10244
BTG,20250717 09:30:00.544000,0,3.4,63,3.41,48,REGULAR,REGULAR,AMEX,10244
BTG,20250717 09:30:00.586000,0,3.4,63,3.41,48,REGULAR,REGULAR,AMEX,10244
BTG,20250717 09:30:00.586000,0,3.4,63,3.41,48,REGULAR,REGULAR,AMEX,10244
BTG,20250717 09:30:00.586000,0,3.4,63,3.41,48,REGULAR,REGULAR,AMEX,10244
BTG,20250717 09:30:00.588000,0,3.4,63,3.41,48,REGULAR,REGULAR,AMEX,10244
BTG,20250717 09:30:00.588000,0,3.4,63,3.41,48,REGULAR,REGULAR,AMEX,10244
BTG,20250717 09:30:00.589000,0,3.4,63,3.41,48,REGULAR,REGULAR,AMEX,10244
BTG,20250717 09:30:00.590000,0,3.4,63,3.41,48,REGULAR,REGULAR,AMEX,10244
BTG,20250717 09:30:00.591000,0,3.4,63,3.41,48,REGULAR,REGULAR,AMEX,10244
BTG,20250717 09:30:00.592000,0,3.4,63,3.41,48,REGULAR,REGULAR,AMEX,10244
BTG,20250717 09:30:00.592000,0,3.4,63,3.41,48,REGULAR,REGULAR,AMEX,10244
BTG,20250717 09:30:00.593000,0,3.4,63,3.41,48,REGULAR,REGULAR,AMEX,10244
BTG,20250717 09:30:00.632000,0,3.4,63,3.41,48,REGULAR,REGULAR,AMEX,10244
BTG,20250717 09:30:00.647000,0,3.4,63,3.41,48,REGULAR,REGULAR,AMEX,10244
BTG,20250717 09:30:00.673000,0,3.4,63,3.41,48,REGULAR,REGULAR,AMEX,10244
BTG,20250717 09:30:00.710000,0,3.4,63,3.41,48,REGULAR,REGULAR,AMEX,10244
BTG,20250717 09:30:00.755000,0,3.4,63,3.41,48,REGULAR,REGULAR,AMEX,10244
BTG,20250717 09:30:00.755000,0,3.4,63,3.41,48,REGULAR,REGULAR,AMEX,10244
BTG,20250717 09:30:00.755000,0,3.4,63,3.41,48,REGULAR,REGULAR,AMEX,10244
BTG,20250717 09:30:00.755000,0,3.4,63,3.41,48,REGULAR,REGULAR,AMEX,10244
BTG,20250717 09:30:00.755000,0,3.4,63,3.41,48,REGULAR,REGULAR,AMEX,10244
BTG,20250717 09:30:00.756000,0,3.4,63,3.41,48,REGULAR,REGULAR,AMEX,10244
BTG,20250717 09:30:00.756000,0,3.4,63,3.41,48,REGULAR,REGULAR,AMEX,10244
BTG,20250717 09:30:00.757000,0,3.4,63,3.41,48,REGULAR,REGULAR,AMEX,10244
BTG,20250717 09:30:00.757000,0,3.4,63,3.41,48,REGULAR,REGULAR,AMEX,10244
BTG,20250717 09:30:00.829000,0,3.4,63,3.41,48,REGULAR,REGULAR,AMEX,10244
BTG,20250717 09:30:01.153000,0,3.4,63,3.41,48,REGULAR,REGULAR,AMEX,10244
BTG,20250717 09:30:01.875000,0,3.4,63,3.41,45,REGULAR,REGULAR,AMEX,10244
BTG,20250717 09:30:01.955000,0,3.4,63,3.41,41,REGULAR,REGULAR,AMEX,10244
BTG,20250717 09:30:02.008000,0,3.4,63,3.41,41,REGULAR,REGULAR,AMEX,10244
BTG,20250717 09:30:02.434000,0,3.4,63,3.41,41,REGULAR,REGULAR,AMEX,10244
BTG,20250717 09:30:02.435000,0,3.4,63,3.41,41,REGULAR,REGULAR,AMEX,10244
BTG,20250717 09:30:03.559000,0,3.4,64,3.41,42,REGULAR,REGULAR,AMEX,10244
BTG,20250717 09:30:03.592000,0,3.4,64,3.41,42,REGULAR,REGULAR,AMEX,10244
BTG,20250717 09:30:04.100000,0,3.4,180,3.41,42,REGULAR,REGULAR,AMEX,10244
BTG,20250717 09:30:04.616000,0,3.4,180,3.41,42,REGULAR,REGULAR,AMEX,10244
BTG,20250717 09:30:04.617000,0,3.4,180,3.41,42,REGULAR,REGULAR,AMEX,10244
BTG,20250717 09:30:04.617000,0,3.4,180,3.41,42,REGULAR,REGULAR,AMEX,10244
BTG,20250717 09:30:04.618000,0,3.4,180,3.41,42,REGULAR,REGULAR,AMEX,10244
BTG,20250717 09:30:04.646000,0,3.4,180,3.41,42,REGULAR,REGULAR,AMEX,10244
BTG,20250717 09:30:04.833000,0,3.4,180,3.41,42,REGULAR,REGULAR,AMEX,10244
BTG,20250717 09:30:05.778000,0,3.4,180,3.41,42,REGULAR,REGULAR,AMEX,10244
BTG,20250717 09:30:06.110000,0,3.4,180,3.41,42,REGULAR,REGULAR,AMEX,10244
BTG,20250717 09:30:06.483000,0,3.4,180,3.41,42,REGULAR,REGULAR,AMEX,10244
BTG,20250717 09:30:06.691000,0,3.4,180,3.41,42,REGULAR,REGULAR,AMEX,10244
BTG,20250717 09:30:08.942000,0,3.4,177,3.41,42,REGULAR,REGULAR,AMEX,10244
BTG,20250717 09:30:10.057000,0,3.4,173,3.41,42,REGULAR,REGULAR,AMEX,10244
BTG,20250717 09:30:10.057000,0,3.4,173,3.41,42,REGULAR,REGULAR,AMEX,10244
BTG,20250717 09:30:10.064000,0,3.4,173,3.41,42,REGULAR,REGULAR,AMEX,10244
BTG,20250717 09:30:10.065000,0,3.4,173,3.41,42,REGULAR,REGULAR,AMEX,10244
BTG,20250717 09:30:10.074000,0,3.4,173,3.41,42,REGULAR,REGULAR,AMEX,10244
BTG,20250717 09:30:10.077000,0,3.4,173,3.41,42,REGULAR,REGULAR,AMEX,10244
BTG,20250717 09:30:10.079000,0,3.4,173,3.41,42,REGULAR,REGULAR,AMEX,10244
BTG,20250717 09:30:10.080000,0,3.4,173,3.41,42,REGULAR,REGULAR,AMEX,10244
BTG,20250717 09:30:10.080000,0,3.4,173,3.41,42,REGULAR,REGULAR,AMEX,10244
BTG,20250717 09:30:10.080000,0,3.4,173,3.41,42,REGULAR,REGULAR,AMEX,10244
BTG,20250717 09:30:10.080000,0,3.4,173,3.41,42,REGULAR,REGULAR,AMEX,10244
BTG,20250717 09:30:10.080000,0,3.4,173,3.41,42,REGULAR,REGULAR,AMEX,10244
BTG,20250717 09:30:10.080000,0,3.4,173,3.41,42,REGULAR,REGULAR,AMEX,10244
BTG,20250717 09:30:10.081000,0,3.4,173,3.41,42,REGULAR,REGULAR,AMEX,10244
BTG,20250717 09:30:10.081000,0,3.4,173,3.41,42,REGULAR,REGULAR,AMEX,10244
BTG,20250717 09:30:10.081000,0,3.4,173,3.41,42,REGULAR,REGULAR,AMEX,10244
BTG,20250717 09:30:10.081000,0,3.4,173,3.41,42,REGULAR,REGULAR,AMEX,10244
BTG,20250717 09:30:10.081000,0,3.4,173,3.41,42,REGULAR,REGULAR,AMEX,10244
BTG,20250717 09:30:10.081000,0,3.4,173,3.41,42,REGULAR,REGULAR,AMEX,10244
BTG,20250717 09:30:10.081000,0,3.4,173,3.41,42,REGULAR,REGULAR,AMEX,10244
BTG,20250717 09:30:10.081000,0,3.4,173,3.41,42,REGULAR,REGULAR,AMEX,10244
BTG,20250717 09:30:10.082000,0,3.4,173,3.41,42,REGULAR,REGULAR,AMEX,10244
BTG,20250717 09:30:10.082000,0,3.4,173,3.41,42,REGULAR,REGULAR,AMEX,10244
BTG,20250717 09:30:10.087000,0,3.4,173,3.41,42,REGULAR,REGULAR,AMEX,10244
BTG,20250717 09:30:10.088000,0,3.4,173,3.41,42,REGULAR,REGULAR,AMEX,10244
BTG,20250717 09:30:10.101000,0,3.4,173,3.41,42,REGULAR,REGULAR,AMEX,10244
BTG,20250717 09:30:10.681000,0,3.4,173,3.41,42,REGULAR,REGULAR,AMEX,10244
BTG,20250717 09:30:10.682000,0,3.4,173,3.41,42,REGULAR,REGULAR,AMEX,10244
BTG,20250717 09:30:10.682000,0,3.4,173,3.41,42,REGULAR,REGULAR,AMEX,10244
BTG,20250717 09:30:10.682000,0,3.4,173,3.41,42,REGULAR,REGULAR,AMEX,10244
BTG,20250717 09:30:10.682000,0,3.4,173,3.41,42,REGULAR,REGULAR,AMEX,10244
BTG,20250717 09:30:10.682000,0,3.4,173,3.41,42,REGULAR,REGULAR,AMEX,10244
BTG,20250717 09:30:10.682000,0,3.4,173,3.41,42,REGULAR,REGULAR,AMEX,10244
BTG,20250717 09:30:10.682000,0,3.4,173,3.41,42,REGULAR,REGULAR,AMEX,10244
BTG,20250717 09:30:10.682000,0,3.4,173,3.41,42,REGULAR,REGULAR,AMEX,10244
BTG,20250717 09:30:10.682000,0,3.4,173,3.41,42,REGULAR,REGULAR,AMEX,10244
BTG,20250717 09:30:10.683000,0,3.4,173,3.41,42,REGULAR,REGULAR,AMEX,10244
BTG,20250717 09:30:10.683000,0,3.4,173,3.41,42,REGULAR,REGULAR,AMEX,10244
BTG,20250717 09:30:10.683000,0,3.4,173,3.41,42,REGULAR,REGULAR,AMEX,10244
BTG,20250717 09:30:11.288000,0,3.4,173,3.41,42,REGULAR,REGULAR,AMEX,10244
BTG,20250717 09:30:12.332000,0,3.4,15,3.41,42,REGULAR,REGULAR,MIAX,10244
BTG,20250717 09:30:12.332000,0,3.4,15,3.41,42,REGULAR,REGULAR,MIAX,10244
BTG,20250717 09:30:12.332000,0,3.4,15,3.41,42,REGULAR,REGULAR,MIAX,10244
BTG,20250717 09:30:12.332000,0,3.4,15,3.41,42,REGULAR,REGULAR,MIAX,10244
BTG,20250717 09:30:12.332000,0,3.4,15,3.41,42,REGULAR,REGULAR,MIAX,10244
BTG,20250717 09:30:12.332000,0,3.4,15,3.41,42,REGULAR,REGULAR,MIAX,10244
BTG,20250717 09:30:12.332000,0,3.4,15,3.41,42,REGULAR,REGULAR,MIAX,10244
BTG,20250717 09:30:12.332000,0,3.4,15,3.41,42,REGULAR,REGULAR,MIAX,10244
BTG,20250717 09:30:12.332000,0,3.4,15,3.41,42,REGULAR,REGULAR,MIAX,10244
BTG,20250717 09:30:12.332000,0,3.4,15,3.41,42,REGULAR,REGULAR,MIAX,10244
BTG,20250717 09:30:12.332000,0,3.4,15,3.41,42,REGULAR,REGULAR,MIAX,10244
BTG,20250717 09:30:12.332000,0,3.4,15,3.41,42,REGULAR,REGULAR,MIAX,10244
BTG,20250717 09:30:12.332000,0,3.4,15,3.41,42,REGULAR,REGULAR,MIAX,10244
BTG,20250717 09:30:12.332000,0,3.4,15,3.41,42,REGULAR,REGULAR,MIAX,10244
BTG,20250717 09:30:12.332000,0,3.4,15,3.41,42,REGULAR,REGULAR,MIAX,10244
BTG,20250717 09:30:12.332000,0,3.4,15,3.41,42,REGULAR,REGULAR,MIAX,10244
BTG,20250717 09:30:12.332000,0,3.4,15,3.41,42,REGULAR,REGULAR,MIAX,10244
BTG,20250717 09:30:12.332000,0,3.4,15,3.41,42,REGULAR,REGULAR,MIAX,10244
BTG,20250717 09:30:12.332000,0,3.4,15,3.41,42,REGULAR,REGULAR,MIAX,10244
BTG,20250717 09:30:12.332000,0,3.4,15,3.41,42,REGULAR,REGULAR,MIAX,10244
BTG,20250717 09:30:12.332000,0,3.4,15,3.41,42,REGULAR,REGULAR,MIAX,10244
BTG,20250717 09:30:12.332000,0,3.4,15,3.41,42,REGULAR,REGULAR,MIAX,10244
BTG,20250717 09:30:12.332000,0,3.4,15,3.41,42,REGULAR,REGULAR,MIAX,10244
BTG,20250717 09:30:12.332000,0,3.4,15,3.41,42,REGULAR,REGULAR,MIAX,10244
BTG,20250717 09:30:12.332000,0,3.4,15,3.41,42,REGULAR,REGULAR,MIAX,10244
BTG,20250717 09:30:12.332000,0,3.4,15,3.41,42,REGULAR,REGULAR,MIAX,10244
BTG,20250717 09:30:12.332000,0,3.4,15,3.41,42,REGULAR,REGULAR,MIAX,10244
BTG,20250717 09:30:12.332000,0,3.4,15,3.41,42,REGULAR,REGULAR,MIAX,10244
BTG,20250717 09:30:12.332000,0,3.4,15,3.41,42,REGULAR,REGULAR,MIAX,10244
BTG,20250717 09:30:12.332000,0,3.4,15,3.41,42,REGULAR,REGULAR,MIAX,10244
BTG,20250717 09:30:12.332000,0,3.4,15,3.41,42,REGULAR,REGULAR,MIAX,10244
BTG,20250717 09:30:12.332000,0,3.4,15,3.41,42,REGULAR,REGULAR,MIAX,10244
BTG,20250717 09:30:12.332000,0,3.4,15,3.41,42,REGULAR,REGULAR,MIAX,10244
BTG,20250717 09:30:12.332000,0,3.4,15,3.41,42,REGULAR,REGULAR,MIAX,10244
BTG,20250717 09:30:12.332000,0,3.4,15,3.41,42,REGULAR,REGULAR,MIAX,10244
BTG,20250717 09:30:12.332000,0,3.4,15,3.41,42,REGULAR,REGULAR,MIAX,10244
BTG,20250717 09:30:12.332000,0,3.4,15,3.41,42,REGULAR,REGULAR,MIAX,10244
BTG,20250717 09:30:12.332000,0,3.4,15,3.41,42,REGULAR,REGULAR,MIAX,10244
BTG,20250717 09:30:12.332000,0,3.4,15,3.41,42,REGULAR,REGULAR,MIAX,10244
BTG,20250717 09:30:12.332000,0,3.4,15,3.41,42,REGULAR,REGULAR,MIAX,10244
BTG,20250717 09:30:12.332000,0,3.4,15,3.41,42,REGULAR,REGULAR,MIAX,10244
BTG,20250717 09:30:12.332000,0,3.4,15,3.41,42,REGULAR,REGULAR,MIAX,10244
BTG,20250717 09:30:12.333000,0,3.39,152,3.4,48,REGULAR,REGULAR,BATS,10300
BTG,20250717 09:30:12.333000,0,3.39,152,3.4,48,REGULAR,REGULAR,BATS,10300
BTG,20250717 09:30:12.333000,0,3.39,152,3.4,48,REGULAR,REGULAR,BATS,10300
BTG,20250717 09:30:12.333000,0,3.39,152,3.4,48,REGULAR,REGULAR,BATS,10300
BTG,20250717 09:30:12.333000,0,3.39,152,3.4,48,REGULAR,REGULAR,BATS,10300
BTG,20250717 09:30:12.333000,0,3.39,152,3.4,48,REGULAR,REGULAR,BATS,10300
BTG,20250717 09:30:12.333000,0,3.39,152,3.4,48,REGULAR,REGULAR,BATS,10300
BTG,20250717 09:30:12.333000,0,3.39,152,3.4,48,REGULAR,REGULAR,BATS,10300
BTG,20250717 09:30:12.333000,0,3.39,152,3.4,48,REGULAR,REGULAR,BATS,10300
BTG,20250717 09:30:12.333000,0,3.39,152,3.4,48,REGULAR,REGULAR,BATS,10300
BTG,20250717 09:30:12.333000,0,3.39,152,3.4,48,REGULAR,REGULAR,BATS,10300
BTG,20250717 09:30:12.333000,0,3.39,152,3.4,48,REGULAR,REGULAR,BATS,10300
BTG,20250717 09:30:12.333000,0,3.39,152,3.4,48,REGULAR,REGULAR,BATS,10300
BTG,20250717 09:30:12.333000,0,3.39,152,3.4,48,REGULAR,REGULAR,BATS,10300
BTG,20250717 09:30:12.333000,0,3.39,152,3.4,48,REGULAR,REGULAR,BATS,10300
BTG,20250717 09:30:12.333000,0,3.39,152,3.4,48,REGULAR,REGULAR,BATS,10300
BTG,20250717 09:30:12.333000,0,3.39,152,3.4,48,REGULAR,REGULAR,BATS,10300
BTG,20250717 09:30:12.333000,0,3.39,152,3.4,48,REGULAR,REGULAR,BATS,10300
BTG,20250717 09:30:12.333000,0,3.39,152,3.4,48,REGULAR,REGULAR,BATS,10300
BTG,20250717 09:30:12.333000,0,3.39,152,3.4,48,REGULAR,REGULAR,BATS,10300
BTG,20250717 09:30:12.333000,0,3.39,152,3.4,48,REGULAR,REGULAR,BATS,10300
BTG,20250717 09:30:12.333000,0,3.39,152,3.4,48,REGULAR,REGULAR,BATS,10300
BTG,20250717 09:30:12.333000,0,3.39,152,3.4,48,REGULAR,REGULAR,BATS,10300
BTG,20250717 09:30:12.333000,0,3.39,152,3.4,48,REGULAR,REGULAR,BATS,10300
BTG,20250717 09:30:12.333000,0,3.39,152,3.4,48,REGULAR,REGULAR,BATS,10300
BTG,20250717 09:30:12.333000,0,3.39,152,3.4,48,REGULAR,REGULAR,BATS,10300
BTG,20250717 09:30:12.333000,0,3.39,152,3.4,48,REGULAR,REGULAR,BATS,10300
BTG,20250717 09:30:12.333000,0,3.39,152,3.4,48,REGULAR,REGULAR,BATS,10300
BTG,20250717 09:30:12.333000,0,3.39,152,3.4,48,REGULAR,REGULAR,BATS,10300
BTG,20250717 09:30:12.333000,0,3.39,152,3.4,48,REGULAR,REGULAR,BATS,10300
BTG,20250717 09:30:12.333000,0,3.39,152,3.4,48,REGULAR,REGULAR,BATS,10300
BTG,20250717 09:30:12.333000,0,3.39,152,3.4,48,REGULAR,REGULAR,BATS,10300
BTG,20250717 09:30:12.335000,0,3.39,152,3.4,33,REGULAR,REGULAR,BATS,10300
BTG,20250717 09:30:12.335000,0,3.39,152,3.4,33,REGULAR,REGULAR,BATS,10300
BTG,20250717 09:30:12.335000,0,3.39,152,3.4,33,REGULAR,REGULAR,BATS,10300
BTG,20250717 09:30:12.335000,0,3.39,152,3.4,33,REGULAR,REGULAR,BATS,10300
BTG,20250717 09:30:12.335000,0,3.39,152,3.4,33,REGULAR,REGULAR,BATS,10300
BTG,20250717 09:30:12.335000,0,3.39,152,3.4,33,REGULAR,REGULAR,BATS,10300
BTG,20250717 09:30:12.335000,0,3.39,152,3.4,33,REGULAR,REGULAR,BATS,10300
BTG,20250717 09:30:12.336000,0,3.39,152,3.4,33,REGULAR,REGULAR,BATS,10300
BTG,20250717 09:30:12.336000,0,3.39,152,3.4,33,REGULAR,REGULAR,BATS,10300
BTG,20250717 09:30:12.337000,0,3.39,70,3.4,52,REGULAR,REGULAR,AMEX,10300
BTG,20250717 09:30:12.339000,0,3.39,65,3.4,54,REGULAR,REGULAR,AMEX,10300
BTG,20250717 09:30:12.339000,0,3.39,65,3.4,54,REGULAR,REGULAR,AMEX,10300
BTG,20250717 09:30:12.340000,0,3.39,65,3.4,54,REGULAR,REGULAR,AMEX,10300
BTG,20250717 09:30:12.341000,0,3.39,65,3.4,54,REGULAR,REGULAR,AMEX,10300
BTG,20250717 09:30:12.341000,0,3.39,65,3.4,54,REGULAR,REGULAR,AMEX,10300
BTG,20250717 09:30:12.342000,0,3.39,65,3.4,54,REGULAR,REGULAR,AMEX,10300
BTG,20250717 09:30:12.342000,0,3.39,65,3.4,54,REGULAR,REGULAR,AMEX,10300
BTG,20250717 09:30:12.342000,0,3.39,65,3.4,54,REGULAR,REGULAR,AMEX,10300
BTG,20250717 09:30:12.343000,0,3.39,65,3.4,54,REGULAR,REGULAR,AMEX,10300
BTG,20250717 09:30:12.343000,0,3.39,65,3.4,54,REGULAR,REGULAR,AMEX,10300
BTG,20250717 09:30:12.347000,0,3.39,65,3.4,54,REGULAR,REGULAR,AMEX,10300
BTG,20250717 09:30:12.347000,0,3.39,65,3.4,54,REGULAR,REGULAR,AMEX,10300
BTG,20250717 09:30:12.347000,0,3.39,65,3.4,54,REGULAR,REGULAR,AMEX,10300
BTG,20250717 09:30:12.348000,0,3.39,65,3.4,54,REGULAR,REGULAR,AMEX,10300
BTG,20250717 09:30:12.484000,0,3.39,65,3.4,54,REGULAR,REGULAR,AMEX,10300
BTG,20250717 09:30:12.488000,0,3.39,65,3.4,54,REGULAR,REGULAR,AMEX,10300
BTG,20250717 09:30:12.498000,0,3.39,65,3.4,54,REGULAR,REGULAR,AMEX,10300
BTG,20250717 09:30:12.502000,0,3.39,65,3.4,54,REGULAR,REGULAR,AMEX,10300
BTG,20250717 09:30:12.521000,0,3.39,65,3.4,54,REGULAR,REGULAR,AMEX,10300
BTG,20250717 09:30:13.003000,0,3.39,65,3.4,75,REGULAR,REGULAR,AMEX,10300
BTG,20250717 09:30:13.003000,0,3.39,65,3.4,75,REGULAR,REGULAR,AMEX,10300
BTG,20250717 09:30:13.003000,0,3.39,65,3.4,75,REGULAR,REGULAR,AMEX,10300
BTG,20250717 09:30:13.003000,0,3.39,65,3.4,75,REGULAR,REGULAR,AMEX,10300
BTG,20250717 09:30:13.003000,0,3.39,65,3.4,75,REGULAR,REGULAR,AMEX,10300
BTG,20250717 09:30:13.003000,0,3.39,65,3.4,75,REGULAR,REGULAR,AMEX,10300
BTG,20250717 09:30:13.032000,0,3.39,65,3.4,53,REGULAR,REGULAR,AMEX,10300
BTG,20250717 09:30:13.032000,0,3.39,65,3.4,53,REGULAR,REGULAR,AMEX,10300
BTG,20250717 09:30:13.032000,0,3.39,65,3.4,53,REGULAR,REGULAR,AMEX,10300
BTG,20250717 09:30:13.032000,0,3.39,65,3.4,53,REGULAR,REGULAR,AMEX,10300
BTG,20250717 09:30:13.032000,0,3.39,65,3.4,53,REGULAR,REGULAR,AMEX,10300
BTG,20250717 09:30:13.032000,0,3.39,65,3.4,53,REGULAR,REGULAR,AMEX,10300
BTG,20250717 09:30:13.032000,0,3.39,65,3.4,53,REGULAR,REGULAR,AMEX,10300
BTG,20250717 09:30:13.032000,0,3.39,65,3.4,53,REGULAR,REGULAR,AMEX,10300
BTG,20250717 09:30:13.033000,0,3.39,65,3.4,53,REGULAR,REGULAR,AMEX,10300
BTG,20250717 09:30:13.033000,0,3.39,65,3.4,53,REGULAR,REGULAR,AMEX,10300
BTG,20250717 09:30:13.106000,0,3.39,64,3.4,50,REGULAR,REGULAR,AMEX,10300
BTG,20250717 09:30:13.107000,0,3.39,64,3.4,50,REGULAR,REGULAR,AMEX,10300
BTG,20250717 09:30:13.193000,0,3.39,64,3.4,54,REGULAR,REGULAR,AMEX,10300
BTG,20250717 09:30:13.193000,0,3.39,64,3.4,54,REGULAR,REGULAR,AMEX,10300
BTG,20250717 09:30:13.423000,0,3.39,82,3.4,50,REGULAR,REGULAR,AMEX,10300
BTG,20250717 09:30:13.423000,0,3.39,82,3.4,50,REGULAR,REGULAR,AMEX,10300
BTG,20250717 09:30:13.620000,0,3.39,82,3.4,50,REGULAR,REGULAR,AMEX,10300
BTG,20250717 09:30:13.620000,0,3.39,82,3.4,50,REGULAR,REGULAR,AMEX,10300
BTG,20250717 09:30:14.247000,0,3.39,82,3.4,50,REGULAR,REGULAR,AMEX,10300
BTG,20250717 09:30:14.248000,0,3.39,82,3.4,50,REGULAR,REGULAR,AMEX,10300
BTG,20250717 09:30:14.248000,0,3.39,82,3.4,50,REGULAR,REGULAR,AMEX,10300
BTG,20250717 09:30:14.248000,0,3.39,82,3.4,50,REGULAR,REGULAR,AMEX,10300
BTG,20250717 09:30:14.248000,0,3.39,82,3.4,50,REGULAR,REGULAR,AMEX,10300
BTG,20250717 09:30:16.366000,0,3.39,82,3.4,50,REGULAR,REGULAR,AMEX,10300
BTG,20250717 09:30:18.085000,0,3.39,82,3.4,50,REGULAR,REGULAR,AMEX,10300
BTG,20250717 09:30:18.085000,0,3.39,82,3.4,50,REGULAR,REGULAR,AMEX,10300
BTG,20250717 09:30:18.085000,0,3.39,82,3.4,50,REGULAR,REGULAR,AMEX,10300
BTG,20250717 09:30:20.290000,0,3.39,82,3.4,165,REGULAR,REGULAR,AMEX,10247
BTG,20250717 09:30:22.683000,0,3.39,82,3.4,165,REGULAR,REGULAR,AMEX,10247
BTG,20250717 09:30:22.683000,0,3.39,82,3.4,165,REGULAR,REGULAR,AMEX,10247
BTG,20250717 09:30:22.683000,0,3.39,82,3.4,165,REGULAR,REGULAR,AMEX,10247
BTG,20250717 09:30:23.533000,0,3.39,82,3.4,165,REGULAR,REGULAR,AMEX,10247
BTG,20250717 09:30:24.706000,0,3.39,82,3.4,170,REGULAR,REGULAR,AMEX,10247
BTG,20250717 09:30:24.759000,0,3.39,82,3.4,170,REGULAR,REGULAR,AMEX,10247
BTG,20250717 09:30:27.024000,0,3.39,83,3.4,170,REGULAR,REGULAR,AMEX,10247
BTG,20250717 09:30:28.774000,0,3.39,85,3.4,170,REGULAR,REGULAR,AMEX,10247
BTG,20250717 09:30:31.946000,0,3.39,85,3.4,173,REGULAR,REGULAR,AMEX,10247
BTG,20250717 09:30:32.671000,0,3.39,85,3.4,173,REGULAR,REGULAR,AMEX,10247
BTG,20250717 09:30:32.969000,0,3.39,85,3.4,173,REGULAR,REGULAR,AMEX,10247
BTG,20250717 09:30:37.743000,0,3.39,67,3.4,234,REGULAR,REGULAR,PACF,10247
BTG,20250717 09:30:37.743000,0,3.39,67,3.4,234,REGULAR,REGULAR,PACF,10247
BTG,20250717 09:30:37.743000,0,3.39,67,3.4,234,REGULAR,REGULAR,PACF,10247
BTG,20250717 09:30:37.743000,0,3.39,67,3.4,234,REGULAR,REGULAR,PACF,10247
BTG,20250717 09:30:37.743000,0,3.39,67,3.4,234,REGULAR,REGULAR,PACF,10247
BTG,20250717 09:30:37.743000,0,3.39,67,3.4,234,REGULAR,REGULAR,PACF,10247
BTG,20250717 09:30:37.743000,0,3.39,67,3.4,234,REGULAR,REGULAR,PACF,10247
BTG,20250717 09:30:37.743000,0,3.39,67,3.4,234,REGULAR,REGULAR,PACF,10247
BTG,20250717 09:30:37.743000,0,3.39,67,3.4,234,REGULAR,REGULAR,PACF,10247
BTG,20250717 09:30:37.743000,0,3.39,67,3.4,234,REGULAR,REGULAR,PACF,10247
BTG,20250717 09:30:37.743000,0,3.39,67,3.4,234,REGULAR,REGULAR,PACF,10247
BTG,20250717 09:30:37.743000,0,3.39,67,3.4,234,REGULAR,REGULAR,PACF,10247
BTG,20250717 09:30:37.743000,0,3.39,67,3.4,234,REGULAR,REGULAR,PACF,10247
BTG,20250717 09:30:37.743000,0,3.39,67,3.4,234,REGULAR,REGULAR,PACF,10247
BTG,20250717 09:30:37.743000,0,3.39,67,3.4,234,REGULAR,REGULAR,PACF,10247
BTG,20250717 09:30:37.743000,0,3.39,67,3.4,234,REGULAR,REGULAR,PACF,10247
BTG,20250717 09:30:37.743000,0,3.39,67,3.4,234,REGULAR,REGULAR,PACF,10247
BTG,20250717 09:30:37.743000,0,3.39,67,3.4,234,REGULAR,REGULAR,PACF,10247
BTG,20250717 09:30:37.743000,0,3.39,67,3.4,234,REGULAR,REGULAR,PACF,10247
BTG,20250717 09:30:37.743000,0,3.39,67,3.4,234,REGULAR,REGULAR,PACF,10247
BTG,20250717 09:30:37.743000,0,3.39,67,3.4,234,REGULAR,REGULAR,PACF,10247
BTG,20250717 09:30:37.743000,0,3.39,67,3.4,234,REGULAR,REGULAR,PACF,10247
BTG,20250717 09:30:37.743000,0,3.39,67,3.4,234,REGULAR,REGULAR,PACF,10247
BTG,20250717 09:30:37.743000,0,3.39,67,3.4,234,REGULAR,REGULAR,PACF,10247
BTG,20250717 09:30:37.743000,0,3.39,67,3.4,234,REGULAR,REGULAR,PACF,10247
BTG,20250717 09:30:37.743000,0,3.39,67,3.4,234,REGULAR,REGULAR,PACF,10247
BTG,20250717 09:30:37.743000,0,3.39,67,3.4,234,REGULAR,REGULAR,PACF,10247
BTG,20250717 09:30:37.743000,0,3.39,67,3.4,234,REGULAR,REGULAR,PACF,10247
BTG,20250717 09:30:37.743000,0,3.39,67,3.4,234,REGULAR,REGULAR,PACF,10247
BTG,20250717 09:30:37.743000,0,3.39,67,3.4,234,REGULAR,REGULAR,PACF,10247
BTG,20250717 09:30:37.743000,0,3.39,67,3.4,234,REGULAR,REGULAR,PACF,10247
BTG,20250717 09:30:37.743000,0,3.39,67,3.4,234,REGULAR,REGULAR,PACF,10247
BTG,20250717 09:30:37.743000,0,3.39,67,3.4,234,REGULAR,REGULAR,PACF,10247
BTG,20250717 09:30:37.743000,0,3.39,67,3.4,234,REGULAR,REGULAR,PACF,10247
BTG,20250717 09:30:37.743000,0,3.39,67,3.4,234,REGULAR,REGULAR,PACF,10247
BTG,20250717 09:30:37.743000,0,3.39,67,3.4,234,REGULAR,REGULAR,PACF,10247
BTG,20250717 09:30:37.743000,0,3.39,67,3.4,234,REGULAR,REGULAR,PACF,10247
BTG,20250717 09:30:37.743000,0,3.39,67,3.4,234,REGULAR,REGULAR,PACF,10247
BTG,20250717 09:30:37.743000,0,3.39,67,3.4,234,REGULAR,REGULAR,PACF,10247
BTG,20250717 09:30:37.743000,0,3.39,67,3.4,234,REGULAR,REGULAR,PACF,10247
BTG,20250717 09:30:37.743000,0,3.39,67,3.4,234,REGULAR,REGULAR,PACF,10247
BTG,20250717 09:30:37.743000,0,3.39,67,3.4,234,REGULAR,REGULAR,PACF,10247
BTG,20250717 09:30:37.743000,0,3.39,67,3.4,234,REGULAR,REGULAR,PACF,10247
BTG,20250717 09:30:37.743000,0,3.39,67,3.4,234,REGULAR,REGULAR,PACF,10247
BTG,20250717 09:30:37.744000,0,3.39,68,3.4,165,REGULAR,REGULAR,PACF,10247
BTG,20250717 09:30:37.750000,0,3.39,68,3.4,249,REGULAR,REGULAR,PACF,10247
BTG,20250717 09:30:37.750000,0,3.39,68,3.4,249,REGULAR,REGULAR,PACF,10247
BTG,20250717 09:30:37.750000,0,3.39,68,3.4,249,REGULAR,REGULAR,PACF,10247
BTG,20250717 09:30:37.750000,0,3.39,68,3.4,249,REGULAR,REGULAR,PACF,10247
BTG,20250717 09:30:37.750000,0,3.39,68,3.4,249,REGULAR,REGULAR,PACF,10247
BTG,20250717 09:30:37.758000,0,3.39,68,3.4,168,REGULAR,REGULAR,PACF,10247
BTG,20250717 09:30:37.758000,0,3.39,68,3.4,168,REGULAR,REGULAR,PACF,10247
BTG,20250717 09:30:37.761000,0,3.39,22,3.4,193,REGULAR,REGULAR,BATS,10247
BTG,20250717 09:30:37.761000,0,3.39,22,3.4,193,REGULAR,REGULAR,BATS,10247
BTG,20250717 09:30:37.761000,0,3.39,22,3.4,193,REGULAR,REGULAR,BATS,10247
BTG,20250717 09:30:37.761000,0,3.39,22,3.4,193,REGULAR,REGULAR,BATS,10247
BTG,20250717 09:30:37.761000,0,3.39,22,3.4,193,REGULAR,REGULAR,BATS,10247
BTG,20250717 09:30:37.761000,0,3.39,22,3.4,193,REGULAR,REGULAR,BATS,10247
BTG,20250717 09:30:37.761000,0,3.39,22,3.4,193,REGULAR,REGULAR,BATS,10247
BTG,20250717 09:30:37.762000,0,3.39,16,3.4,266,REGULAR,REGULAR,BATS,10247
BTG,20250717 09:30:37.762000,0,3.39,16,3.4,266,REGULAR,REGULAR,BATS,10247
BTG,20250717 09:30:37.762000,0,3.39,16,3.4,266,REGULAR,REGULAR,BATS,10247
BTG,20250717 09:30:37.762000,0,3.39,16,3.4,266,REGULAR,REGULAR,BATS,10247
BTG,20250717 09:30:37.762000,0,3.39,16,3.4,266,REGULAR,REGULAR,BATS,10247
BTG,20250717 09:30:37.762000,0,3.39,16,3.4,266,REGULAR,REGULAR,BATS,10247
BTG,20250717 09:30:37.762000,0,3.39,16,3.4,266,REGULAR,REGULAR,BATS,10247
BTG,20250717 09:30:37.762000,0,3.39,16,3.4,266,REGULAR,REGULAR,BATS,10247
BTG,20250717 09:30:37.762000,0,3.39,16,3.4,266,REGULAR,REGULAR,BATS,10247
BTG,20250717 09:30:37.762000,0,3.39,16,3.4,266,REGULAR,REGULAR,BATS,10247
BTG,20250717 09:30:37.762000,0,3.39,16,3.4,266,REGULAR,REGULAR,BATS,10247
BTG,20250717 09:30:37.763000,0,3.39,16,3.4,266,REGULAR,REGULAR,BATS,10247
BTG,20250717 09:30:38.321000,0,3.39,16,3.4,216,REGULAR,REGULAR,BATS,10247
BTG,20250717 09:30:38.322000,0,3.39,16,3.4,216,REGULAR,REGULAR,BATS,10247
BTG,20250717 09:30:39.024000,0,3.39,8,3.4,259,REGULAR,REGULAR,BATS,10247
BTG,20250717 09:30:39.025000,0,3.39,8,3.4,259,REGULAR,REGULAR,BATS,10247
BTG,20250717 09:30:39.032000,0,3.39,8,3.4,259,REGULAR,REGULAR,BATS,10247
BTG,20250717 09:30:40.380000,0,3.39,8,3.4,260,REGULAR,REGULAR,BATS,10247
BTG,20250717 09:30:41.430000,0,3.39,8,3.4,260,REGULAR,REGULAR,BATS,10247
BTG,20250717 09:30:41.438000,0,3.39,8,3.4,260,REGULAR,REGULAR,BATS,10247
BTG,20250717 09:30:42.047000,0,3.39,8,3.4,260,REGULAR,REGULAR,BATS,10247
BTG,20250717 09:30:42.920000,0,3.39,8,3.4,276,REGULAR,REGULAR,BATS,10247
BTG,20250717 09:30:43.223000,0,3.39,8,3.4,276,REGULAR,REGULAR,BATS,10247
BTG,20250717 09:30:43.223000,0,3.39,8,3.4,276,REGULAR,REGULAR,BATS,10247
BTG,20250717 09:30:43.225000,0,3.38,260,3.39,99,REGULAR,REGULAR,AMEX,10247
BTG,20250717 09:30:43.225000,0,3.38,260,3.39,99,REGULAR,REGULAR,AMEX,10247
BTG,20250717 09:30:43.233000,0,3.38,266,3.39,8,REGULAR,REGULAR,PACF,10300
BTG,20250717 09:30:43.233000,0,3.38,266,3.39,8,REGULAR,REGULAR,PACF,10300
BTG,20250717 09:30:43.233000,0,3.38,266,3.39,8,REGULAR,REGULAR,PACF,10300
BTG,20250717 09:30:43.233000,0,3.38,266,3.39,8,REGULAR,REGULAR,PACF,10300
BTG,20250717 09:30:43.233000,0,3.38,266,3.39,8,REGULAR,REGULAR,PACF,10300
BTG,20250717 09:30:43.233000,0,3.38,266,3.39,8,REGULAR,REGULAR,PACF,10300
BTG,20250717 09:30:43.233000,0,3.38,266,3.39,8,REGULAR,REGULAR,PACF,10300
BTG,20250717 09:30:43.233000,0,3.38,266,3.39,8,REGULAR,REGULAR,PACF,10300
BTG,20250717 09:30:43.233000,0,3.38,266,3.39,8,REGULAR,REGULAR,PACF,10300
BTG,20250717 09:30:43.233000,0,3.38,266,3.39,8,REGULAR,REGULAR,PACF,10300
BTG,20250717 09:30:43.233000,0,3.38,266,3.39,8,REGULAR,REGULAR,PACF,10300
BTG,20250717 09:30:43.233000,0,3.38,266,3.39,8,REGULAR,REGULAR,PACF,10300
BTG,20250717 09:30:43.233000,0,3.38,266,3.39,8,REGULAR,REGULAR,PACF,10300
BTG,20250717 09:30:43.233000,0,3.38,266,3.39,8,REGULAR,REGULAR,PACF,10300
BTG,20250717 09:30:43.233000,0,3.38,266,3.39,8,REGULAR,REGULAR,PACF,10300
BTG,20250717 09:30:43.233000,0,3.38,266,3.39,8,REGULAR,REGULAR,PACF,10300
BTG,20250717 09:30:43.233000,0,3.38,266,3.39,8,REGULAR,REGULAR,PACF,10300
BTG,20250717 09:30:43.233000,0,3.38,266,3.39,8,REGULAR,REGULAR,PACF,10300
BTG,20250717 09:30:43.233000,0,3.38,266,3.39,8,REGULAR,REGULAR,PACF,10300
BTG,20250717 09:30:43.233000,0,3.38,266,3.39,8,REGULAR,REGULAR,PACF,10300
BTG,20250717 09:30:43.233000,0,3.38,266,3.39,8,REGULAR,REGULAR,PACF,10300
BTG,20250717 09:30:43.233000,0,3.38,266,3.39,8,REGULAR,REGULAR,PACF,10300
BTG,20250717 09:30:43.233000,0,3.38,266,3.39,8,REGULAR,REGULAR,PACF,10300
BTG,20250717 09:30:43.233000,0,3.38,266,3.39,8,REGULAR,REGULAR,PACF,10300
BTG,20250717 09:30:43.233000,0,3.38,266,3.39,8,REGULAR,REGULAR,PACF,10300
BTG,20250717 09:30:43.233000,0,3.38,266,3.39,8,REGULAR,REGULAR,PACF,10300
BTG,20250717 09:30:43.233000,0,3.38,266,3.39,8,REGULAR,REGULAR,PACF,10300
BTG,20250717 09:30:43.233000,0,3.38,266,3.39,8,REGULAR,REGULAR,PACF,10300
BTG,20250717 09:30:43.233000,0,3.38,266,3.39,8,REGULAR,REGULAR,PACF,10300
BTG,20250717 09:30:43.233000,0,3.38,266,3.39,8,REGULAR,REGULAR,PACF,10300
BTG,20250717 09:30:43.233000,0,3.38,266,3.39,8,REGULAR,REGULAR,PACF,10300
BTG,20250717 09:30:43.233000,0,3.38,266,3.39,8,REGULAR,REGULAR,PACF,10300
BTG,20250717 09:30:43.233000,0,3.38,266,3.39,8,REGULAR,REGULAR,PACF,10300
BTG,20250717 09:30:43.233000,0,3.38,266,3.39,8,REGULAR,REGULAR,PACF,10300
BTG,20250717 09:30:43.233000,0,3.38,266,3.39,8,REGULAR,REGULAR,PACF,10300
BTG,20250717 09:30:43.233000,0,3.38,266,3.39,8,REGULAR,REGULAR,PACF,10300
BTG,20250717 09:30:43.233000,0,3.38,266,3.39,8,REGULAR,REGULAR,PACF,10300
BTG,20250717 09:30:43.233000,0,3.38,266,3.39,8,REGULAR,REGULAR,PACF,10300
BTG,20250717 09:30:43.233000,0,3.38,266,3.39,8,REGULAR,REGULAR,PACF,10300
BTG,20250717 09:30:43.233000,0,3.38,266,3.39,8,REGULAR,REGULAR,PACF,10300
BTG,20250717 09:30:43.234000,0,3.38,266,3.39,9,REGULAR,REGULAR,PACF,10300
BTG,20250717 09:30:43.234000,0,3.38,266,3.39,9,REGULAR,REGULAR,PACF,10300
BTG,20250717 09:30:43.234000,0,3.38,266,3.39,9,REGULAR,REGULAR,PACF,10300
BTG,20250717 09:30:43.234000,0,3.38,266,3.39,9,REGULAR,REGULAR,PACF,10300
BTG,20250717 09:30:43.234000,0,3.38,266,3.39,9,REGULAR,REGULAR,PACF,10300
BTG,20250717 09:30:43.234000,0,3.38,266,3.39,9,REGULAR,REGULAR,PACF,10300
BTG,20250717 09:30:43.234000,0,3.38,266,3.39,9,REGULAR,REGULAR,PACF,10300
BTG,20250717 09:30:44.685000,0,3.38,260,3.39,8,REGULAR,REGULAR,AMEX,10300
BTG,20250717 09:30:44.686000,0,3.39,140,3.4,211,REGULAR,REGULAR,BATS,10247
BTG,20250717 09:30:44.686000,0,3.39,140,3.4,211,REGULAR,REGULAR,BATS,10247
BTG,20250717 09:30:44.686000,0,3.39,140,3.4,211,REGULAR,REGULAR,BATS,10247
BTG,20250717 09:30:44.686000,0,3.39,140,3.4,211,REGULAR,REGULAR,BATS,10247
BTG,20250717 09:30:44.686000,0,3.39,140,3.4,211,REGULAR,REGULAR,BATS,10247
BTG,20250717 09:30:44.686000,0,3.39,140,3.4,211,REGULAR,REGULAR,BATS,10247
BTG,20250717 09:30:44.686000,0,3.39,140,3.4,211,REGULAR,REGULAR,BATS,10247
BTG,20250717 09:30:44.686000,0,3.39,140,3.4,211,REGULAR,REGULAR,BATS,10247
BTG,20250717 09:30:44.686000,0,3.39,140,3.4,211,REGULAR,REGULAR,BATS,10247
BTG,20250717 09:30:44.686000,0,3.39,140,3.4,211,REGULAR,REGULAR,BATS,10247
BTG,20250717 09:30:44.686000,0,3.39,140,3.4,211,REGULAR,REGULAR,BATS,10247
BTG,20250717 09:30:45.598000,0,3.39,62,3.4,195,REGULAR,REGULAR,PACF,10247
BTG,20250717 09:30:46.146000,0,3.39,62,3.4,221,REGULAR,REGULAR,PACF,10247
BTG,20250717 09:30:46.150000,0,3.39,62,3.4,221,REGULAR,REGULAR,PACF,10247
BTG,20250717 09:30:46.177000,0,3.39,62,3.4,221,REGULAR,REGULAR,PACF,10247
BTG,20250717 09:30:49.973000,0,3.39,62,3.4,218,REGULAR,REGULAR,PACF,10247
BTG,20250717 09:30:50.173000,0,3.39,62,3.4,218,REGULAR,REGULAR,PACF,10247
BTG,20250717 09:30:50.649000,0,3.39,62,3.4,218,REGULAR,REGULAR,PACF,10247
BTG,20250717 09:30:51.025000,0,3.39,62,3.4,218,REGULAR,REGULAR,PACF,10247
BTG,20250717 09:30:54.029000,0,3.39,52,3.4,218,REGULAR,REGULAR,PACF,10247
BTG,20250717 09:30:54.537000,0,3.39,52,3.4,218,REGULAR,REGULAR,PACF,10247
BTG,20250717 09:30:55.999000,0,3.39,52,3.4,190,REGULAR,REGULAR,PACF,10247
BTG,20250717 09:30:56.477000,0,3.39,52,3.4,190,REGULAR,REGULAR,PACF,10247
BTG,20250717 09:31:01.998000,0,3.39,79,3.4,144,REGULAR,REGULAR,PACF,10247
BTG,20250717 09:31:02.276000,0,3.39,79,3.4,144,REGULAR,REGULAR,PACF,10247
BTG,20250717 09:31:02.279000,0,3.39,79,3.4,144,REGULAR,REGULAR,PACF,10247
BTG,20250717 09:31:03.362000,0,3.39,86,3.4,144,REGULAR,REGULAR,PACF,10247
BTG,20250717 09:31:04.302000,0,3.39,86,3.4,144,REGULAR,REGULAR,PACF,10247
BTG,20250717 09:31:04.362000,0,3.39,231,3.4,8,REGULAR,REGULAR,PACF,10247
BTG,20250717 09:31:04.362000,0,3.39,231,3.4,8,REGULAR,REGULAR,PACF,10247
BTG,20250717 09:31:04.362000,0,3.39,231,3.4,8,REGULAR,REGULAR,PACF,10247
BTG,20250717 09:31:04.362000,0,3.39,231,3.4,8,REGULAR,REGULAR,PACF,10247
BTG,20250717 09:31:04.362000,0,3.39,231,3.4,8,REGULAR,REGULAR,PACF,10247
BTG,20250717 09:31:04.362000,0,3.39,231,3.4,8,REGULAR,REGULAR,PACF,10247
BTG,20250717 09:31:04.362000,0,3.39,231,3.4,8,REGULAR,REGULAR,PACF,10247
BTG,20250717 09:31:04.362000,0,3.39,231,3.4,8,REGULAR,REGULAR,PACF,10247
BTG,20250717 09:31:04.362000,0,3.39,231,3.4,8,REGULAR,REGULAR,PACF,10247
BTG,20250717 09:31:04.362000,0,3.39,231,3.4,8,REGULAR,REGULAR,PACF,10247
BTG,20250717 09:31:04.362000,0,3.39,231,3.4,8,REGULAR,REGULAR,PACF,10247
BTG,20250717 09:31:04.362000,0,3.39,231,3.4,8,REGULAR,REGULAR,PACF,10247
BTG,20250717 09:31:04.362000,0,3.39,231,3.4,8,REGULAR,REGULAR,PACF,10247
BTG,20250717 09:31:04.362000,0,3.39,231,3.4,8,REGULAR,REGULAR,PACF,10247
BTG,20250717 09:31:04.362000,0,3.39,231,3.4,8,REGULAR,REGULAR,PACF,10247
BTG,20250717 09:31:04.362000,0,3.39,231,3.4,8,REGULAR,REGULAR,PACF,10247
BTG,20250717 09:31:04.362000,0,3.39,231,3.4,8,REGULAR,REGULAR,PACF,10247
BTG,20250717 09:31:04.362000,0,3.39,231,3.4,8,REGULAR,REGULAR,PACF,10247
BTG,20250717 09:31:04.362000,0,3.39,231,3.4,8,REGULAR,REGULAR,PACF,10247
BTG,20250717 09:31:04.362000,0,3.39,231,3.4,8,REGULAR,REGULAR,PACF,10247
BTG,20250717 09:31:04.362000,0,3.39,231,3.4,8,REGULAR,REGULAR,PACF,10247
BTG,20250717 09:31:04.362000,0,3.39,231,3.4,8,REGULAR,REGULAR,PACF,10247
BTG,20250717 09:31:04.362000,0,3.39,231,3.4,8,REGULAR,REGULAR,PACF,10247
BTG,20250717 09:31:06.330000,0,3.39,169,3.4,8,REGULAR,REGULAR,PACF,10247
BTG,20250717 09:31:06.618000,0,3.39,169,3.4,8,REGULAR,REGULAR,PACF,10247
BTG,20250717 09:31:06.635000,0,3.39,137,3.4,8,REGULAR,REGULAR,PACF,10300
BTG,20250717 09:31:06.635000,0,3.39,137,3.4,8,REGULAR,REGULAR,PACF,10300
BTG,20250717 09:31:06.635000,0,3.39,137,3.4,8,REGULAR,REGULAR,PACF,10300
BTG,20250717 09:31:06.636000,0,3.39,137,3.4,8,REGULAR,REGULAR,PACF,10247
BTG,20250717 09:31:06.697000,0,3.39,94,3.4,36,REGULAR,REGULAR,PACF,10300
BTG,20250717 09:31:08.803000,0,3.39,71,3.4,8,REGULAR,REGULAR,PACF,10247
BTG,20250717 09:31:08.803000,0,3.39,71,3.4,8,REGULAR,REGULAR,PACF,10247
BTG,20250717 09:31:09.832000,0,3.39,69,3.4,36,REGULAR,REGULAR,PACF,10300
BTG,20250717 09:31:10.832000,0,3.39,69,3.4,24,REGULAR,REGULAR,PACF,10300
BTG,20250717 09:31:13.550000,0,3.39,53,3.4,25,REGULAR,REGULAR,PACF,10247
BTG,20250717 09:31:14.414000,0,3.39,53,3.4,76,REGULAR,REGULAR,PACF,10247
BTG,20250717 09:31:27.272000,0,3.39,52,3.4,157,REGULAR,REGULAR,PACF,10300
BTG,20250717 09:31:27.293000,0,3.39,28,3.4,220,REGULAR,REGULAR,BATS,10247
BTG,20250717 09:31:27.293000,0,3.39,28,3.4,220,REGULAR,REGULAR,BATS,10247
BTG,20250717 09:31:29.145000,0,3.39,24,3.4,220,REGULAR,REGULAR,BATS,10247
BTG,20250717 09:31:30.083000,0,3.39,3,3.39,160,REGULAR,REGULAR,IEX,10300
BTG,20250717 09:31:30.083000,0,3.39,3,3.39,160,REGULAR,REGULAR,IEX,10300
BTG,20250717 09:31:30.083000,0,3.39,3,3.39,160,REGULAR,REGULAR,IEX,10300
BTG,20250717 09:31:30.083000,0,3.39,3,3.39,160,REGULAR,REGULAR,IEX,10300
BTG,20250717 09:31:30.083000,0,3.39,3,3.39,160,REGULAR,REGULAR,IEX,10300
BTG,20250717 09:31:30.083000,0,3.39,3,3.39,160,REGULAR,REGULAR,IEX,10300
BTG,20250717 09:31:30.083000,0,3.39,3,3.39,160,REGULAR,REGULAR,IEX,10300
BTG,20250717 09:31:30.083000,0,3.39,3,3.39,160,REGULAR,REGULAR,IEX,10300
BTG,20250717 09:31:30.083000,0,3.39,3,3.39,160,REGULAR,REGULAR,IEX,10300
BTG,20250717 09:31:30.083000,0,3.39,3,3.39,160,REGULAR,REGULAR,IEX,10300
BTG,20250717 09:31:30.083000,0,3.39,3,3.39,160,REGULAR,REGULAR,IEX,10300
BTG,20250717 09:31:30.083000,0,3.39,3,3.39,160,REGULAR,REGULAR,IEX,10300
BTG,20250717 09:31:30.083000,0,3.39,3,3.39,160,REGULAR,REGULAR,IEX,10300
BTG,20250717 09:31:30.083000,0,3.39,3,3.39,160,REGULAR,REGULAR,IEX,10300
BTG,20250717 09:31:30.083000,0,3.39,3,3.39,160,REGULAR,REGULAR,IEX,10300
BTG,20250717 09:31:30.083000,0,3.39,3,3.39,160,REGULAR,REGULAR,IEX,10300
BTG,20250717 09:31:30.083000,0,3.39,3,3.39,160,REGULAR,REGULAR,IEX,10300
BTG,20250717 09:31:30.083000,0,3.39,3,3.39,160,REGULAR,REGULAR,IEX,10300
BTG,20250717 09:31:30.084000,0,3.38,210,3.39,176,REGULAR,REGULAR,AMEX,10300
BTG,20250717 09:31:30.084000,0,3.38,210,3.39,176,REGULAR,REGULAR,AMEX,10300
BTG,20250717 09:31:30.089000,0,3.38,210,3.39,247,REGULAR,REGULAR,AMEX,10247
BTG,20250717 09:31:30.754000,0,3.38,210,3.39,157,REGULAR,REGULAR,AMEX,10247
BTG,20250717 09:31:31.217000,0,3.38,210,3.39,157,REGULAR,REGULAR,AMEX,10247
BTG,20250717 09:31:31.218000,0,3.38,210,3.39,157,REGULAR,REGULAR,AMEX,10247
BTG,20250717 09:31:31.218000,0,3.38,210,3.39,157,REGULAR,REGULAR,AMEX,10247
BTG,20250717 09:31:31.218000,0,3.38,210,3.39,157,REGULAR,REGULAR,AMEX,10247
BTG,20250717 09:31:31.218000,0,3.38,210,3.39,157,REGULAR,REGULAR,AMEX,10247
BTG,20250717 09:31:31.220000,0,3.38,210,3.39,157,REGULAR,REGULAR,AMEX,10247
BTG,20250717 09:31:31.220000,0,3.38,210,3.39,157,REGULAR,REGULAR,AMEX,10247
BTG,20250717 09:31:31.220000,0,3.38,210,3.39,157,REGULAR,REGULAR,AMEX,10247
BTG,20250717 09:31:31.220000,0,3.38,210,3.39,157,REGULAR,REGULAR,AMEX,10247
BTG,20250717 09:31:31.220000,0,3.38,210,3.39,157,REGULAR,REGULAR,AMEX,10247
BTG,20250717 09:31:31.220000,0,3.38,210,3.39,157,REGULAR,REGULAR,AMEX,10247
BTG,20250717 09:31:31.220000,0,3.38,210,3.39,157,REGULAR,REGULAR,AMEX,10247
BTG,20250717 09:31:31.221000,0,3.38,210,3.39,157,REGULAR,REGULAR,AMEX,10247
BTG,20250717 09:31:31.221000,0,3.38,210,3.39,157,REGULAR,REGULAR,AMEX,10247
BTG,20250717 09:31:31.221000,0,3.38,210,3.39,157,REGULAR,REGULAR,AMEX,10247
BTG,20250717 09:31:31.222000,0,3.38,210,3.39,157,REGULAR,REGULAR,AMEX,10247
BTG,20250717 09:31:31.222000,0,3.38,210,3.39,157,REGULAR,REGULAR,AMEX,10247
BTG,20250717 09:31:31.223000,0,3.38,210,3.39,157,REGULAR,REGULAR,AMEX,10247
BTG,20250717 09:31:31.223000,0,3.38,210,3.39,157,REGULAR,REGULAR,AMEX,10247
BTG,20250717 09:31:31.224000,0,3.38,210,3.39,157,REGULAR,REGULAR,AMEX,10247
BTG,20250717 09:31:31.224000,0,3.38,210,3.39,157,REGULAR,REGULAR,AMEX,10247
BTG,20250717 09:31:31.224000,0,3.38,210,3.39,157,REGULAR,REGULAR,AMEX,10247
BTG,20250717 09:31:31.226000,0,3.38,210,3.39,157,REGULAR,REGULAR,AMEX,10247
BTG,20250717 09:31:31.226000,0,3.38,210,3.39,157,REGULAR,REGULAR,AMEX,10247
BTG,20250717 09:31:31.231000,0,3.37,204,3.38,142,REGULAR,REGULAR,PACF,10241
BTG,20250717 09:31:31.231000,0,3.37,204,3.38,142,REGULAR,REGULAR,PACF,10241
BTG,20250717 09:31:31.231000,0,3.37,204,3.38,142,REGULAR,REGULAR,PACF,10241
BTG,20250717 09:31:31.231000,0,3.37,204,3.38,142,REGULAR,REGULAR,PACF,10241
BTG,20250717 09:31:31.231000,0,3.37,204,3.38,142,REGULAR,REGULAR,PACF,10241
BTG,20250717 09:31:31.231000,0,3.37,204,3.38,142,REGULAR,REGULAR,PACF,10241
BTG,20250717 09:31:31.231000,0,3.37,204,3.38,142,REGULAR,REGULAR,PACF,10241
BTG,20250717 09:31:31.231000,0,3.37,204,3.38,142,REGULAR,REGULAR,PACF,10241
BTG,20250717 09:31:31.231000,0,3.37,204,3.38,142,REGULAR,REGULAR,PACF,10241
BTG,20250717 09:31:31.231000,0,3.37,204,3.38,142,REGULAR,REGULAR,PACF,10241
BTG,20250717 09:31:31.231000,0,3.37,204,3.38,142,REGULAR,REGULAR,PACF,10241
BTG,20250717 09:31:31.231000,0,3.37,204,3.38,142,REGULAR,REGULAR,PACF,10241
BTG,20250717 09:31:31.231000,0,3.37,204,3.38,142,REGULAR,REGULAR,PACF,10241
BTG,20250717 09:31:31.231000,0,3.37,204,3.38,142,REGULAR,REGULAR,PACF,10241
BTG,20250717 09:31:31.231000,0,3.37,204,3.38,142,REGULAR,REGULAR,PACF,10241
BTG,20250717 09:31:31.231000,0,3.37,204,3.38,142,REGULAR,REGULAR,PACF,10241
BTG,20250717 09:31:31.231000,0,3.37,204,3.38,142,REGULAR,REGULAR,PACF,10241
BTG,20250717 09:31:31.231000,0,3.37,204,3.38,142,REGULAR,REGULAR,PACF,10241
BTG,20250717 09:31:31.231000,0,3.37,204,3.38,142,REGULAR,REGULAR,PACF,10241
BTG,20250717 09:31:31.231000,0,3.37,204,3.38,142,REGULAR,REGULAR,PACF,10241
BTG,20250717 09:31:31.231000,0,3.37,204,3.38,142,REGULAR,REGULAR,PACF,10241
BTG,20250717 09:31:31.231000,0,3.37,204,3.38,142,REGULAR,REGULAR,PACF,10241
BTG,20250717 09:31:31.231000,0,3.37,204,3.38,142,REGULAR,REGULAR,PACF,10241
BTG,20250717 09:31:31.231000,0,3.37,204,3.38,142,REGULAR,REGULAR,PACF,10241
BTG,20250717 09:31:31.231000,0,3.37,204,3.38,142,REGULAR,REGULAR,PACF,10241
BTG,20250717 09:31:31.231000,0,3.37,204,3.38,142,REGULAR,REGULAR,PACF,10241
BTG,20250717 09:31:31.231000,0,3.37,204,3.38,142,REGULAR,REGULAR,PACF,10241
BTG,20250717 09:31:31.231000,0,3.37,204,3.38,142,REGULAR,REGULAR,PACF,10241
BTG,20250717 09:31:31.231000,0,3.37,204,3.38,142,REGULAR,REGULAR,PACF,10241
BTG,20250717 09:31:31.231000,0,3.37,204,3.38,142,REGULAR,REGULAR,PACF,10241
BTG,20250717 09:31:31.231000,0,3.37,204,3.38,142,REGULAR,REGULAR,PACF,10241
BTG,20250717 09:31:31.231000,0,3.37,204,3.38,142,REGULAR,REGULAR,PACF,10241
BTG,20250717 09:31:31.231000,0,3.37,204,3.38,142,REGULAR,REGULAR,PACF,10241
BTG,20250717 09:31:31.231000,0,3.37,204,3.38,142,REGULAR,REGULAR,PACF,10241
BTG,20250717 09:31:31.231000,0,3.37,204,3.38,142,REGULAR,REGULAR,PACF,10241
BTG,20250717 09:31:31.231000,0,3.37,204,3.38,142,REGULAR,REGULAR,PACF,10241
BTG,20250717 09:31:31.231000,0,3.37,204,3.38,142,REGULAR,REGULAR,PACF,10241
BTG,20250717 09:31:31.231000,0,3.37,204,3.38,142,REGULAR,REGULAR,PACF,10241
BTG,20250717 09:31:31.231000,0,3.37,204,3.38,142,REGULAR,REGULAR,PACF,10241
BTG,20250717 09:31:31.231000,0,3.37,204,3.38,142,REGULAR,REGULAR,PACF,10241
BTG,20250717 09:31:31.231000,0,3.37,204,3.38,142,REGULAR,REGULAR,PACF,10241
BTG,20250717 09:31:31.231000,0,3.37,204,3.38,142,REGULAR,REGULAR,PACF,10241
BTG,20250717 09:31:31.231000,0,3.37,204,3.38,142,REGULAR,REGULAR,PACF,10241
BTG,20250717 09:31:31.231000,0,3.37,204,3.38,142,REGULAR,REGULAR,PACF,10241
BTG,20250717 09:31:31.231000,0,3.37,204,3.38,142,REGULAR,REGULAR,PACF,10241
BTG,20250717 09:31:31.231000,0,3.37,204,3.38,142,REGULAR,REGULAR,PACF,10241
BTG,20250717 09:31:31.231000,0,3.37,204,3.38,142,REGULAR,REGULAR,PACF,10241
BTG,20250717 09:31:31.231000,0,3.37,204,3.38,142,REGULAR,REGULAR,PACF,10241
BTG,20250717 09:31:31.231000,0,3.37,204,3.38,142,REGULAR,REGULAR,PACF,10241
BTG,20250717 09:31:31.231000,0,3.37,204,3.38,142,REGULAR,REGULAR,PACF,10241
BTG,20250717 09:31:31.231000,0,3.37,204,3.38,142,REGULAR,REGULAR,PACF,10241
BTG,20250717 09:31:31.231000,0,3.37,204,3.38,142,REGULAR,REGULAR,PACF,10241
BTG,20250717 09:31:31.231000,0,3.37,204,3.38,142,REGULAR,REGULAR,PACF,10241
BTG,20250717 09:31:31.231000,0,3.37,204,3.38,142,REGULAR,REGULAR,PACF,10241
BTG,20250717 09:31:31.231000,0,3.37,204,3.38,142,REGULAR,REGULAR,PACF,10241
BTG,20250717 09:31:31.231000,0,3.37,204,3.38,142,REGULAR,REGULAR,PACF,10241
BTG,20250717 09:31:31.231000,0,3.37,204,3.38,142,REGULAR,REGULAR,PACF,10241
BTG,20250717 09:31:31.231000,0,3.37,204,3.38,142,REGULAR,REGULAR,PACF,10241
BTG,20250717 09:31:31.231000,0,3.37,204,3.38,142,REGULAR,REGULAR,PACF,10241
BTG,20250717 09:31:31.231000,0,3.37,204,3.38,142,REGULAR,REGULAR,PACF,10241
BTG,20250717 09:31:31.231000,0,3.37,204,3.38,142,REGULAR,REGULAR,PACF,10241
BTG,20250717 09:31:31.231000,0,3.37,204,3.38,142,REGULAR,REGULAR,PACF,10241
BTG,20250717 09:31:31.231000,0,3.37,204,3.38,142,REGULAR,REGULAR,PACF,10241
BTG,20250717 09:31:31.231000,0,3.37,204,3.38,142,REGULAR,REGULAR,PACF,10241
BTG,20250717 09:31:31.231000,0,3.37,204,3.38,142,REGULAR,REGULAR,PACF,10241
BTG,20250717 09:31:31.231000,0,3.37,204,3.38,142,REGULAR,REGULAR,PACF,10241
BTG,20250717 09:31:31.231000,0,3.37,204,3.38,142,REGULAR,REGULAR,PACF,10241
BTG,20250717 09:31:31.232000,0,3.37,204,3.38,114,REGULAR,REGULAR,PACF,10300
BTG,20250717 09:31:31.232000,0,3.37,204,3.38,114,REGULAR,REGULAR,PACF,10300
BTG,20250717 09:31:31.232000,0,3.37,204,3.38,114,REGULAR,REGULAR,PACF,10300
BTG,20250717 09:31:31.233000,0,3.37,204,3.38,87,REGULAR,REGULAR,PACF,10300
BTG,20250717 09:31:31.233000,0,3.37,204,3.38,87,REGULAR,REGULAR,PACF,10300
BTG,20250717 09:31:31.234000,0,3.37,148,3.38,87,REGULAR,REGULAR,NQEX,10300
BTG,20250717 09:31:31.234000,0,3.37,148,3.38,87,REGULAR,REGULAR,NQEX,10300
BTG,20250717 09:31:31.234000,0,3.37,148,3.38,87,REGULAR,REGULAR,NQEX,10300
BTG,20250717 09:31:31.236000,0,3.37,60,3.38,86,REGULAR,REGULAR,NQEX,10300
BTG,20250717 09:31:31.236000,0,3.37,60,3.38,86,REGULAR,REGULAR,NQEX,10300
BTG,20250717 09:31:31.236000,0,3.37,60,3.38,86,REGULAR,REGULAR,NQEX,10300
BTG,20250717 09:31:31.237000,0,3.37,55,3.38,86,REGULAR,REGULAR,NQEX,10300
BTG,20250717 09:31:31.238000,0,3.37,55,3.38,86,REGULAR,REGULAR,NQEX,10300
BTG,20250717 09:31:31.239000,0,3.37,55,3.38,86,REGULAR,REGULAR,NQEX,10300
BTG,20250717 09:31:31.240000,0,3.37,87,3.38,86,REGULAR,REGULAR,PACF,10300
BTG,20250717 09:31:31.240000,0,3.37,87,3.38,86,REGULAR,REGULAR,PACF,10300
BTG,20250717 09:31:31.241000,0,3.37,88,3.38,86,REGULAR,REGULAR,PACF,10300
BTG,20250717 09:31:31.487000,0,3.37,167,3.38,49,REGULAR,REGULAR,BATS,10241
BTG,20250717 09:31:31.695000,0,3.37,176,3.38,49,REGULAR,REGULAR,PACF,10241
BTG,20250717 09:31:32.131000,0,3.37,174,3.38,49,REGULAR,REGULAR,PACF,10241
BTG,20250717 09:31:32.132000,0,3.37,174,3.38,49,REGULAR,REGULAR,PACF,10241
BTG,20250717 09:31:32.258000,0,3.37,174,3.38,49,REGULAR,REGULAR,PACF,10241
BTG,20250717 09:31:32.260000,0,3.37,174,3.38,49,REGULAR,REGULAR,PACF,10241
BTG,20250717 09:31:32.295000,0,3.37,171,3.38,49,REGULAR,REGULAR,PACF,10241
BTG,20250717 09:31:32.357000,0,3.37,167,3.38,49,REGULAR,REGULAR,BATS,10241
BTG,20250717 09:31:33.539000,0,3.37,167,3.38,33,REGULAR,REGULAR,BATS,10241
BTG,20250717 09:31:33.553000,0,3.37,167,3.38,33,REGULAR,REGULAR,BATS,10241
BTG,20250717 09:31:35.541000,0,3.37,167,3.38,33,REGULAR,REGULAR,BATS,10241
BTG,20250717 09:31:35.541000,0,3.37,167,3.38,33,REGULAR,REGULAR,BATS,10241
BTG,20250717 09:31:36.013000,0,3.37,171,3.38,35,REGULAR,REGULAR,BATS,10241
BTG,20250717 09:31:36.014000,0,3.37,171,3.38,35,REGULAR,REGULAR,BATS,10241
BTG,20250717 09:31:36.014000,0,3.37,171,3.38,35,REGULAR,REGULAR,BATS,10241
BTG,20250717 09:31:36.018000,0,3.37,167,3.38,35,REGULAR,REGULAR,BATS,10241
BTG,20250717 09:31:36.185000,0,3.37,44,3.38,111,REGULAR,REGULAR,NQEX,10247
BTG,20250717 09:31:36.185000,0,3.37,44,3.38,111,REGULAR,REGULAR,NQEX,10247
BTG,20250717 09:31:36.185000,0,3.37,44,3.38,111,REGULAR,REGULAR,NQEX,10247
BTG,20250717 09:31:36.185000,0,3.37,44,3.38,111,REGULAR,REGULAR,NQEX,10247
BTG,20250717 09:31:36.185000,0,3.37,44,3.38,111,REGULAR,REGULAR,NQEX,10247
BTG,20250717 09:31:36.185000,0,3.37,44,3.38,111,REGULAR,REGULAR,NQEX,10247
BTG,20250717 09:31:36.185000,0,3.37,44,3.38,111,REGULAR,REGULAR,NQEX,10247
BTG,20250717 09:31:36.185000,0,3.37,44,3.38,111,REGULAR,REGULAR,NQEX,10247
BTG,20250717 09:31:36.186000,0,3.36,88,3.37,91,REGULAR,REGULAR,PACF,10247
BTG,20250717 09:31:36.186000,0,3.36,88,3.37,91,REGULAR,REGULAR,PACF,10247
BTG,20250717 09:31:36.186000,0,3.36,88,3.37,91,REGULAR,REGULAR,PACF,10247
BTG,20250717 09:31:36.186000,0,3.36,88,3.37,91,REGULAR,REGULAR,PACF,10247
BTG,20250717 09:31:36.186000,0,3.36,88,3.37,91,REGULAR,REGULAR,PACF,10247
BTG,20250717 09:31:36.186000,0,3.36,88,3.37,91,REGULAR,REGULAR,PACF,10247
BTG,20250717 09:31:36.186000,0,3.36,88,3.37,91,REGULAR,REGULAR,PACF,10247
BTG,20250717 09:31:36.186000,0,3.36,88,3.37,91,REGULAR,REGULAR,PACF,10247
BTG,20250717 09:31:36.186000,0,3.36,88,3.37,91,REGULAR,REGULAR,PACF,10247
BTG,20250717 09:31:36.186000,0,3.36,88,3.37,91,REGULAR,REGULAR,PACF,10247
BTG,20250717 09:31:36.186000,0,3.36,88,3.37,91,REGULAR,REGULAR,PACF,10247
BTG,20250717 09:31:36.186000,0,3.36,88,3.37,91,REGULAR,REGULAR,PACF,10247
BTG,20250717 09:31:36.186000,0,3.36,88,3.37,91,REGULAR,REGULAR,PACF,10247
BTG,20250717 09:31:36.186000,0,3.36,88,3.37,91,REGULAR,REGULAR,PACF,10247
BTG,20250717 09:31:36.186000,0,3.36,88,3.37,91,REGULAR,REGULAR,PACF,10247
BTG,20250717 09:31:36.186000,0,3.36,88,3.37,91,REGULAR,REGULAR,PACF,10247
BTG,20250717 09:31:36.186000,0,3.36,88,3.37,91,REGULAR,REGULAR,PACF,10247
BTG,20250717 09:31:36.186000,0,3.36,88,3.37,91,REGULAR,REGULAR,PACF,10247
BTG,20250717 09:31:36.186000,0,3.36,88,3.37,91,REGULAR,REGULAR,PACF,10247
BTG,20250717 09:31:36.188000,0,3.36,83,3.37,69,REGULAR,REGULAR,PACF,10241
BTG,20250717 09:31:36.189000,0,3.36,128,3.37,52,REGULAR,REGULAR,PACF,10300
BTG,20250717 09:31:36.189000,0,3.36,128,3.37,52,REGULAR,REGULAR,PACF,10300
BTG,20250717 09:31:36.189000,0,3.36,128,3.37,52,REGULAR,REGULAR,PACF,10300
BTG,20250717 09:31:36.191000,0,3.36,43,3.37,61,REGULAR,REGULAR,NQEX,10308
BTG,20250717 09:31:36.192000,0,3.36,43,3.37,61,REGULAR,REGULAR,NQEX,10308
BTG,20250717 09:31:36.192000,0,3.36,43,3.37,61,REGULAR,REGULAR,NQEX,10308
BTG,20250717 09:31:36.192000,0,3.36,43,3.37,61,REGULAR,REGULAR,NQEX,10308
BTG,20250717 09:31:36.193000,0,3.36,43,3.37,62,REGULAR,REGULAR,NQEX,10308
BTG,20250717 09:31:36.196000,0,3.36,43,3.37,62,REGULAR,REGULAR,NQEX,10308
BTG,20250717 09:31:36.196000,0,3.36,43,3.37,62,REGULAR,REGULAR,NQEX,10308
BTG,20250717 09:31:36.197000,0,3.36,43,3.37,62,REGULAR,REGULAR,NQEX,10308
BTG,20250717 09:31:36.203000,0,3.36,43,3.37,58,REGULAR,REGULAR,NQEX,10308
BTG,20250717 09:31:36.264000,0,3.36,60,3.37,78,REGULAR,REGULAR,PACF,10300
BTG,20250717 09:31:36.264000,0,3.36,60,3.37,78,REGULAR,REGULAR,PACF,10300
BTG,20250717 09:31:37.554000,0,3.36,35,3.37,70,REGULAR,REGULAR,NQEX,10300
BTG,20250717 09:31:37.554000,0,3.36,35,3.37,70,REGULAR,REGULAR,NQEX,10300
BTG,20250717 09:31:38.133000,0,3.36,77,3.37,82,REGULAR,REGULAR,IEX,10300
BTG,20250717 09:31:39.275000,0,3.36,47,3.37,82,REGULAR,REGULAR,IEX,10300
BTG,20250717 09:31:39.303000,0,3.36,47,3.37,82,REGULAR,REGULAR,IEX,10300
BTG,20250717 09:31:40.519000,0,3.36,50,3.37,35,REGULAR,REGULAR,IEX,10300
BTG,20250717 09:31:43.305000,0,3.37,265,3.38,84,REGULAR,REGULAR,PACF,10308
BTG,20250717 09:31:43.305000,0,3.37,265,3.38,84,REGULAR,REGULAR,PACF,10308
BTG,20250717 09:31:43.305000,0,3.37,265,3.38,84,REGULAR,REGULAR,PACF,10308
BTG,20250717 09:31:43.305000,0,3.37,265,3.38,84,REGULAR,REGULAR,PACF,10308
BTG,20250717 09:31:43.305000,0,3.37,265,3.38,84,REGULAR,REGULAR,PACF,10308
BTG,20250717 09:31:43.305000,0,3.37,265,3.38,84,REGULAR,REGULAR,PACF,10308
BTG,20250717 09:31:43.305000,0,3.37,265,3.38,84,REGULAR,REGULAR,PACF,10308
BTG,20250717 09:31:43.306000,0,3.37,216,3.38,35,REGULAR,REGULAR,PACF,10241
BTG,20250717 09:31:43.306000,0,3.37,216,3.38,35,REGULAR,REGULAR,PACF,10241
BTG,20250717 09:31:43.306000,0,3.37,216,3.38,35,REGULAR,REGULAR,PACF,10241
BTG,20250717 09:31:43.306000,0,3.37,216,3.38,35,REGULAR,REGULAR,PACF,10241
BTG,20250717 09:31:43.306000,0,3.37,216,3.38,35,REGULAR,REGULAR,PACF,10241
BTG,20250717 09:31:43.306000,0,3.37,216,3.38,35,REGULAR,REGULAR,PACF,10241
BTG,20250717 09:31:43.306000,0,3.37,216,3.38,35,REGULAR,REGULAR,PACF,10241
BTG,20250717 09:31:43.314000,0,3.37,264,3.38,33,REGULAR,REGULAR,PACF,10241
BTG,20250717 09:31:43.489000,0,3.37,264,3.38,33,REGULAR,REGULAR,PACF,10241
BTG,20250717 09:31:43.514000,0,3.37,264,3.38,33,REGULAR,REGULAR,PACF,10241
BTG,20250717 09:31:43.533000,0,3.37,264,3.38,33,REGULAR,REGULAR,PACF,10241
BTG,20250717 09:31:46.957000,0,3.37,268,3.38,33,REGULAR,REGULAR,PACF,10241
BTG,20250717 09:31:46.957000,0,3.37,268,3.38,33,REGULAR,REGULAR,PACF,10241
BTG,20250717 09:31:46.958000,0,3.37,268,3.38,33,REGULAR,REGULAR,PACF,10241
BTG,20250717 09:31:46.963000,0,3.37,260,3.38,33,REGULAR,REGULAR,PACF,10241
BTG,20250717 09:31:53.581000,0,3.37,114,3.38,35,REGULAR,REGULAR,PACF,10241
BTG,20250717 09:31:53.762000,0,3.37,114,3.38,35,REGULAR,REGULAR,PACF,10241
BTG,20250717 09:31:54.767000,0,3.37,114,3.38,35,REGULAR,REGULAR,PACF,10241
BTG,20250717 09:31:55.174000,0,3.37,104,3.38,40,REGULAR,REGULAR,PACF,10300
BTG,20250717 09:31:57.448000,0,3.37,61,3.38,62,REGULAR,REGULAR,NQEX,10241
BTG,20250717 09:31:57.448000,0,3.37,61,3.38,62,REGULAR,REGULAR,NQEX,10241
BTG,20250717 09:32:00.868000,0,3.37,62,3.38,63,REGULAR,REGULAR,NQEX,10241
BTG,20250717 09:32:01.287000,0,3.37,62,3.38,63,REGULAR,REGULAR,NQEX,10241
BTG,20250717 09:32:07.931000,0,3.37,284,3.38,58,REGULAR,REGULAR,PACF,10241
BTG,20250717 09:32:09.282000,0,3.37,231,3.38,58,REGULAR,REGULAR,PACF,10241
BTG,20250717 09:32:09.282000,0,3.37,231,3.38,58,REGULAR,REGULAR,PACF,10241
BTG,20250717 09:32:09.282000,0,3.37,231,3.38,58,REGULAR,REGULAR,PACF,10241
BTG,20250717 09:32:09.282000,0,3.37,231,3.38,58,REGULAR,REGULAR,PACF,10241
BTG,20250717 09:32:09.701000,0,3.37,229,3.38,58,REGULAR,REGULAR,PACF,10241
BTG,20250717 09:32:13.705000,0,3.37,236,3.38,58,REGULAR,REGULAR,PACF,10241
BTG,20250717 09:32:14.146000,0,3.37,236,3.38,58,REGULAR,REGULAR,PACF,10241
BTG,20250717 09:32:23.533000,0,3.37,114,3.38,60,REGULAR,REGULAR,BATS,10241
BTG,20250717 09:32:23.533000,0,3.37,114,3.38,60,REGULAR,REGULAR,BATS,10241
BTG,20250717 09:32:23.533000,0,3.37,114,3.38,60,REGULAR,REGULAR,BATS,10241
BTG,20250717 09:32:23.533000,0,3.37,114,3.38,60,REGULAR,REGULAR,BATS,10241
BTG,20250717 09:32:23.533000,0,3.37,114,3.38,60,REGULAR,REGULAR,BATS,10241
BTG,20250717 09:32:23.533000,0,3.37,114,3.38,60,REGULAR,REGULAR,BATS,10241
BTG,20250717 09:32:23.533000,0,3.37,114,3.38,60,REGULAR,REGULAR,BATS,10241
BTG,20250717 09:32:23.534000,0,3.37,93,3.38,60,REGULAR,REGULAR,BATS,10241
BTG,20250717 09:32:26.628000,0,3.37,56,3.38,62,REGULAR,REGULAR,NQEX,10241
BTG,20250717 09:32:26.635000,0,3.37,58,3.38,62,REGULAR,REGULAR,NQEX,10241
BTG,20250717 09:32:31.176000,0,3.37,58,3.38,62,REGULAR,REGULAR,NQEX,10241
BTG,20250717 09:32:32.194000,0,3.37,58,3.38,62,REGULAR,REGULAR,NQEX,10241
BTG,20250717 09:32:33.430000,0,3.37,58,3.38,62,REGULAR,REGULAR,NQEX,10241
BTG,20250717 09:32:34.504000,0,3.37,17,3.38,148,REGULAR,REGULAR,BATS,10241
BTG,20250717 09:32:35.474000,0,3.37,2,3.38,118,REGULAR,REGULAR,MIAX,10241
BTG,20250717 09:32:35.546000,0,3.37,2,3.38,118,REGULAR,REGULAR,MIAX,10241
BTG,20250717 09:32:37.799000,0,3.37,2,3.38,138,REGULAR,REGULAR,MIAX,10241
BTG,20250717 09:32:38.107000,0,3.37,2,3.38,123,REGULAR,REGULAR,MIAX,10241
BTG,20250717 09:32:38.573000,0,3.37,2,3.38,122,REGULAR,REGULAR,PACF,10241
BTG,20250717 09:32:38.573000,0,3.37,2,3.38,122,REGULAR,REGULAR,PACF,10241
BTG,20250717 09:32:38.573000,0,3.37,2,3.38,122,REGULAR,REGULAR,PACF,10241
BTG,20250717 09:32:38.573000,0,3.37,2,3.38,122,REGULAR,REGULAR,PACF,10241
BTG,20250717 09:32:38.573000,0,3.37,2,3.38,122,REGULAR,REGULAR,PACF,10241
BTG,20250717 09:32:38.573000,0,3.37,2,3.38,122,REGULAR,REGULAR,PACF,10241
BTG,20250717 09:32:38.576000,0,3.37,2,3.37,91,REGULAR,REGULAR,MIAX,10247
BTG,20250717 09:32:38.576000,0,3.37,2,3.37,91,REGULAR,REGULAR,MIAX,10247
BTG,20250717 09:32:38.576000,0,3.37,2,3.37,91,REGULAR,REGULAR,MIAX,10247
BTG,20250717 09:32:38.576000,0,3.37,2,3.37,91,REGULAR,REGULAR,MIAX,10247
BTG,20250717 09:32:38.577000,0,3.36,314,3.37,71,REGULAR,REGULAR,PACF,10241
BTG,20250717 09:32:38.577000,0,3.36,314,3.37,71,REGULAR,REGULAR,PACF,10241
BTG,20250717 09:32:38.577000,0,3.36,314,3.37,71,REGULAR,REGULAR,PACF,10241
BTG,20250717 09:32:39.880000,0,3.36,97,3.37,120,REGULAR,REGULAR,BATS,10247
BTG,20250717 09:32:40.671000,0,3.36,97,3.37,104,REGULAR,REGULAR,BATS,10313
BTG,20250717 09:32:40.897000,0,3.36,97,3.37,104,REGULAR,REGULAR,BATS,10313
BTG,20250717 09:32:41.057000,0,3.36,97,3.37,171,REGULAR,REGULAR,BATS,10313
BTG,20250717 09:32:41.057000,0,3.36,97,3.37,171,REGULAR,REGULAR,BATS,10313
BTG,20250717 09:32:41.057000,0,3.36,97,3.37,171,REGULAR,REGULAR,BATS,10313
BTG,20250717 09:32:44.921000,0,3.36,101,3.37,99,REGULAR,REGULAR,BATS,10247
BTG,20250717 09:32:45.207000,0,3.36,101,3.37,99,REGULAR,REGULAR,BATS,10247
BTG,20250717 09:32:45.215000,0,3.36,101,3.37,99,REGULAR,REGULAR,BATS,10247
BTG,20250717 09:32:46.078000,0,3.36,101,3.37,99,REGULAR,REGULAR,BATS,10247
BTG,20250717 09:32:46.079000,0,3.36,115,3.37,88,REGULAR,REGULAR,PACF,10241
BTG,20250717 09:32:46.079000,0,3.36,115,3.37,88,REGULAR,REGULAR,PACF,10241
BTG,20250717 09:32:46.080000,0,3.36,140,3.37,88,REGULAR,REGULAR,PACF,10241
BTG,20250717 09:32:46.084000,0,3.36,183,3.37,85,REGULAR,REGULAR,BATS,10241
BTG,20250717 09:32:46.084000,0,3.36,183,3.37,85,REGULAR,REGULAR,BATS,10241
BTG,20250717 09:32:46.084000,0,3.36,183,3.37,85,REGULAR,REGULAR,BATS,10241
BTG,20250717 09:32:46.085000,0,3.36,205,3.37,50,REGULAR,REGULAR,PACF,10241
BTG,20250717 09:32:46.085000,0,3.36,205,3.37,50,REGULAR,REGULAR,PACF,10241
BTG,20250717 09:32:46.085000,0,3.36,205,3.37,50,REGULAR,REGULAR,PACF,10241
BTG,20250717 09:32:46.085000,0,3.36,205,3.37,50,REGULAR,REGULAR,PACF,10241
BTG,20250717 09:32:46.085000,0,3.36,205,3.37,50,REGULAR,REGULAR,PACF,10241
BTG,20250717 09:32:46.086000,0,3.36,217,3.37,43,REGULAR,REGULAR,PACF,10241
BTG,20250717 09:32:46.086000,0,3.36,217,3.37,43,REGULAR,REGULAR,PACF,10241
BTG,20250717 09:32:46.086000,0,3.36,217,3.37,43,REGULAR,REGULAR,PACF,10241
BTG,20250717 09:32:46.086000,0,3.36,217,3.37,43,REGULAR,REGULAR,PACF,10241
BTG,20250717 09:32:46.086000,0,3.36,217,3.37,43,REGULAR,REGULAR,PACF,10241
BTG,20250717 09:32:46.087000,0,3.36,240,3.37,43,REGULAR,REGULAR,PACF,10241
BTG,20250717 09:32:46.090000,0,3.36,236,3.37,43,REGULAR,REGULAR,PACF,10241
BTG,20250717 09:32:48.317000,0,3.36,294,3.37,54,REGULAR,REGULAR,PACF,10241
BTG,20250717 09:32:48.452000,0,3.36,233,3.37,54,REGULAR,REGULAR,PACF,10241
BTG,20250717 09:32:48.452000,0,3.36,233,3.37,54,REGULAR,REGULAR,PACF,10241
BTG,20250717 09:32:48.452000,0,3.36,233,3.37,54,REGULAR,REGULAR,PACF,10241
BTG,20250717 09:32:48.452000,0,3.36,233,3.37,54,REGULAR,REGULAR,PACF,10241
BTG,20250717 09:32:48.452000,0,3.36,233,3.37,54,REGULAR,REGULAR,PACF,10241
BTG,20250717 09:32:48.452000,0,3.36,233,3.37,54,REGULAR,REGULAR,PACF,10241
BTG,20250717 09:32:48.452000,0,3.36,233,3.37,54,REGULAR,REGULAR,PACF,10241
BTG,20250717 09:32:48.452000,0,3.36,233,3.37,54,REGULAR,REGULAR,PACF,10241
BTG,20250717 09:32:48.452000,0,3.36,233,3.37,54,REGULAR,REGULAR,PACF,10241
BTG,20250717 09:32:48.452000,0,3.36,233,3.37,54,REGULAR,REGULAR,PACF,10241
BTG,20250717 09:32:50.375000,0,3.36,76,3.37,109,REGULAR,REGULAR,BATS,10247
BTG,20250717 09:32:50.375000,0,3.36,76,3.37,109,REGULAR,REGULAR,BATS,10247
BTG,20250717 09:32:55.785000,0,3.36,82,3.37,109,REGULAR,REGULAR,BATS,10247
BTG,20250717 09:32:57.660000,0,3.36,82,3.37,109,REGULAR,REGULAR,BATS,10247
BTG,20250717 09:33:00.047000,0,3.36,101,3.37,109,REGULAR,REGULAR,NQEX,10247
BTG,20250717 09:33:00.058000,0,3.36,101,3.37,109,REGULAR,REGULAR,NQEX,10247
BTG,20250717 09:33:00.061000,0,3.36,101,3.37,109,REGULAR,REGULAR,NQEX,10247
BTG,20250717 09:33:00.166000,0,3.36,101,3.37,109,REGULAR,REGULAR,NQEX,10247
BTG,20250717 09:33:02.823000,0,3.36,82,3.37,109,REGULAR,REGULAR,BATS,10247
BTG,20250717 09:33:03.452000,0,3.36,166,3.37,55,REGULAR,REGULAR,NQEX,10313
BTG,20250717 09:33:03.453000,0,3.36,166,3.37,55,REGULAR,REGULAR,NQEX,10313
BTG,20250717 09:33:03.455000,0,3.36,166,3.37,55,REGULAR,REGULAR,NQEX,10313
BTG,20250717 09:33:03.832000,0,3.36,166,3.37,50,REGULAR,REGULAR,NQEX,10243
BTG,20250717 09:33:03.837000,0,3.36,166,3.37,50,REGULAR,REGULAR,NQEX,10243
BTG,20250717 09:33:03.838000,0,3.36,166,3.37,50,REGULAR,REGULAR,NQEX,10243
BTG,20250717 09:33:05.497000,0,3.36,355,3.37,32,REGULAR,REGULAR,PACF,10241
BTG,20250717 09:33:05.505000,0,3.36,321,3.37,32,REGULAR,REGULAR,PACF,10241
BTG,20250717 09:33:05.506000,0,3.36,321,3.37,32,REGULAR,REGULAR,PACF,10241
BTG,20250717 09:33:05.507000,0,3.36,321,3.37,32,REGULAR,REGULAR,PACF,10241
BTG,20250717 09:33:05.508000,0,3.36,321,3.37,32,REGULAR,REGULAR,PACF,10241
BTG,20250717 09:33:05.509000,0,3.36,321,3.37,32,REGULAR,REGULAR,PACF,10241
BTG,20250717 09:33:05.510000,0,3.36,321,3.37,32,REGULAR,REGULAR,PACF,10241
BTG,20250717 09:33:05.511000,0,3.36,321,3.37,32,REGULAR,REGULAR,PACF,10241
BTG,20250717 09:33:05.521000,0,3.36,321,3.37,32,REGULAR,REGULAR,PACF,10241
BTG,20250717 09:33:06.154000,0,3.36,230,3.37,32,REGULAR,REGULAR,PACF,10241
BTG,20250717 09:33:06.156000,0,3.36,230,3.37,32,REGULAR,REGULAR,PACF,10241
BTG,20250717 09:33:06.679000,0,3.36,182,3.37,32,REGULAR,REGULAR,NQEX,10241
BTG,20250717 09:33:06.685000,0,3.36,175,3.37,32,REGULAR,REGULAR,BATS,10241
BTG,20250717 09:33:06.686000,0,3.36,175,3.37,32,REGULAR,REGULAR,BATS,10241
BTG,20250717 09:33:06.692000,0,3.36,167,3.37,32,REGULAR,REGULAR,NQEX,10241
BTG,20250717 09:33:06.693000,0,3.36,167,3.37,32,REGULAR,REGULAR,NQEX,10241
BTG,20250717 09:33:06.694000,0,3.36,167,3.37,32,REGULAR,REGULAR,NQEX,10241
BTG,20250717 09:33:06.701000,0,3.36,167,3.37,32,REGULAR,REGULAR,NQEX,10241
BTG,20250717 09:33:06.758000,0,3.36,167,3.37,32,REGULAR,REGULAR,NQEX,10241
BTG,20250717 09:33:08.752000,0,3.36,167,3.37,32,REGULAR,REGULAR,NQEX,10241
BTG,20250717 09:33:10.153000,0,3.36,167,3.37,32,REGULAR,REGULAR,NQEX,10241
BTG,20250717 09:33:10.863000,0,3.36,170,3.37,32,REGULAR,REGULAR,PACF,10241
BTG,20250717 09:33:11.984000,0,3.36,170,3.37,32,REGULAR,REGULAR,PACF,10241
BTG,20250717 09:33:12.386000,0,3.36,352,3.37,32,REGULAR,REGULAR,PACF,10241
BTG,20250717 09:33:12.484000,0,3.36,290,3.37,32,REGULAR,REGULAR,PACF,10241
BTG,20250717 09:33:13.116000,0,3.36,280,3.37,16,REGULAR,REGULAR,PACF,10241
BTG,20250717 09:33:14.567000,0,3.36,285,3.37,15,REGULAR,REGULAR,PACF,10241
BTG,20250717 09:33:17.832000,0,3.36,323,3.37,23,REGULAR,REGULAR,PACF,10247
BTG,20250717 09:33:18.130000,0,3.36,323,3.37,23,REGULAR,REGULAR,PACF,10247
BTG,20250717 09:33:21.781000,0,3.36,313,3.37,23,REGULAR,REGULAR,PACF,10247
BTG,20250717 09:33:22.107000,0,3.36,318,3.37,23,REGULAR,REGULAR,PACF,10247
BTG,20250717 09:33:22.572000,0,3.36,318,3.37,23,REGULAR,REGULAR,PACF,10247
BTG,20250717 09:33:23.556000,0,3.36,318,3.37,23,REGULAR,REGULAR,PACF,10247
BTG,20250717 09:33:24.173000,0,3.36,379,3.37,22,REGULAR,REGULAR,PACF,10247
BTG,20250717 09:33:24.177000,0,3.36,379,3.37,22,REGULAR,REGULAR,PACF,10247
BTG,20250717 09:33:24.350000,0,3.36,379,3.37,22,REGULAR,REGULAR,PACF,10247
BTG,20250717 09:33:24.418000,0,3.36,379,3.37,22,REGULAR,REGULAR,PACF,10247
BTG,20250717 09:33:25.091000,0,3.36,379,3.37,21,REGULAR,REGULAR,PACF,10247
BTG,20250717 09:33:25.091000,0,3.36,379,3.37,21,REGULAR,REGULAR,PACF,10247
BTG,20250717 09:33:25.137000,0,3.36,379,3.37,21,REGULAR,REGULAR,PACF,10247
BTG,20250717 09:33:25.989000,0,3.36,379,3.37,20,REGULAR,REGULAR,PACF,10247
BTG,20250717 09:33:26.641000,0,3.36,379,3.37,20,REGULAR,REGULAR,PACF,10247
BTG,20250717 09:33:27.679000,0,3.36,379,3.37,15,REGULAR,REGULAR,PACF,10241
BTG,20250717 09:33:27.683000,0,3.36,379,3.37,15,REGULAR,REGULAR,PACF,10241
BTG,20250717 09:33:29.425000,0,3.36,379,3.37,15,REGULAR,REGULAR,PACF,10241
BTG,20250717 09:33:29.784000,0,3.36,379,3.37,15,REGULAR,REGULAR,PACF,10241
BTG,20250717 09:33:30.575000,0,3.36,379,3.37,15,REGULAR,REGULAR,PACF,10241
BTG,20250717 09:33:31.316000,0,3.36,379,3.37,15,REGULAR,REGULAR,PACF,10241
BTG,20250717 09:33:32.128000,0,3.36,379,3.37,15,REGULAR,REGULAR,PACF,10241
BTG,20250717 09:33:32.490000,0,3.36,379,3.37,15,REGULAR,REGULAR,PACF,10241
BTG,20250717 09:33:32.899000,0,3.36,379,3.37,15,REGULAR,REGULAR,PACF,10241
BTG,20250717 09:33:34.472000,0,3.36,379,3.37,50,REGULAR,REGULAR,PACF,10243
BTG,20250717 09:33:34.472000,0,3.36,379,3.37,50,REGULAR,REGULAR,PACF,10243
BTG,20250717 09:33:34.472000,0,3.36,379,3.37,50,REGULAR,REGULAR,PACF,10243
BTG,20250717 09:33:34.472000,0,3.36,379,3.37,50,REGULAR,REGULAR,PACF,10243
BTG,20250717 09:33:34.472000,0,3.36,379,3.37,50,REGULAR,REGULAR,PACF,10243
BTG,20250717 09:33:34.472000,0,3.36,379,3.37,50,REGULAR,REGULAR,PACF,10243
BTG,20250717 09:33:34.485000,0,3.36,204,3.37,81,REGULAR,REGULAR,PACF,10247
BTG,20250717 09:33:34.495000,0,3.36,204,3.37,75,REGULAR,REGULAR,PACF,10313
BTG,20250717 09:33:35.613000,0,3.36,99,3.37,56,REGULAR,REGULAR,PACF,10247
BTG,20250717 09:33:35.613000,0,3.36,99,3.37,56,REGULAR,REGULAR,PACF,10247
BTG,20250717 09:33:36.427000,0,3.36,96,3.37,84,REGULAR,REGULAR,PACF,10247
BTG,20250717 09:33:36.721000,0,3.36,96,3.37,84,REGULAR,REGULAR,PACF,10247
BTG,20250717 09:33:38.003000,0,3.36,130,3.37,56,REGULAR,REGULAR,PACF,10247
BTG,20250717 09:33:38.004000,0,3.36,130,3.37,56,REGULAR,REGULAR,PACF,10247
BTG,20250717 09:33:38.565000,0,3.36,130,3.37,56,REGULAR,REGULAR,PACF,10247
BTG,20250717 09:33:44.720000,0,3.36,96,3.37,64,REGULAR,REGULAR,PACF,10308
BTG,20250717 09:33:44.721000,0,3.36,96,3.37,64,REGULAR,REGULAR,PACF,10308
BTG,20250717 09:33:45.170000,0,3.36,120,3.37,56,REGULAR,REGULAR,NQEX,10247
BTG,20250717 09:33:45.467000,0,3.36,120,3.37,56,REGULAR,REGULAR,NQEX,10247
BTG,20250717 09:33:46.330000,0,3.36,131,3.37,108,REGULAR,REGULAR,NQEX,10244
BTG,20250717 09:33:48.445000,0,3.36,212,3.37,105,REGULAR,REGULAR,BATS,10313
BTG,20250717 09:33:48.445000,0,3.36,212,3.37,105,REGULAR,REGULAR,BATS,10313
BTG,20250717 09:33:48.459000,0,3.36,212,3.37,105,REGULAR,REGULAR,BATS,10313
BTG,20250717 09:33:51.438000,0,3.36,127,3.37,50,REGULAR,REGULAR,NQEX,10243
BTG,20250717 09:33:54.953000,0,3.36,127,3.37,50,REGULAR,REGULAR,NQEX,10243
BTG,20250717 09:33:55.908000,0,3.36,186,3.37,50,REGULAR,REGULAR,PACF,10243
BTG,20250717 09:33:58.892000,0,3.36,164,3.37,310,REGULAR,REGULAR,NQEX,10247
BTG,20250717 09:34:00.670000,0,3.36,101,3.37,310,REGULAR,REGULAR,PACF,10247
BTG,20250717 09:34:01.493000,0,3.36,81,3.37,310,REGULAR,REGULAR,PACF,10247
BTG,20250717 09:34:01.493000,0,3.36,81,3.37,310,REGULAR,REGULAR,PACF,10247
BTG,20250717 09:34:01.493000,0,3.36,81,3.37,310,REGULAR,REGULAR,PACF,10247
BTG,20250717 09:34:02.090000,0,3.36,134,3.37,338,REGULAR,REGULAR,BATS,10247
BTG,20250717 09:34:02.367000,0,3.36,134,3.37,338,REGULAR,REGULAR,BATS,10247
BTG,20250717 09:34:04.224000,0,3.36,133,3.37,338,REGULAR,REGULAR,BATS,10247
BTG,20250717 09:34:04.224000,0,3.36,133,3.37,338,REGULAR,REGULAR,BATS,10247
BTG,20250717 09:34:04.224000,0,3.36,133,3.37,338,REGULAR,REGULAR,BATS,10247
BTG,20250717 09:34:04.224000,0,3.36,133,3.37,338,REGULAR,REGULAR,BATS,10247
BTG,20250717 09:34:04.225000,0,3.36,133,3.37,338,REGULAR,REGULAR,BATS,10247
BTG,20250717 09:34:04.225000,0,3.36,133,3.37,338,REGULAR,REGULAR,BATS,10247
BTG,20250717 09:34:04.225000,0,3.36,133,3.37,338,REGULAR,REGULAR,BATS,10247
BTG,20250717 09:34:04.225000,0,3.36,133,3.37,338,REGULAR,REGULAR,BATS,10247
BTG,20250717 09:34:04.225000,0,3.36,133,3.37,338,REGULAR,REGULAR,BATS,10247
BTG,20250717 09:34:04.225000,0,3.36,133,3.37,338,REGULAR,REGULAR,BATS,10247
BTG,20250717 09:34:04.225000,0,3.36,133,3.37,338,REGULAR,REGULAR,BATS,10247
BTG,20250717 09:34:04.225000,0,3.36,133,3.37,338,REGULAR,REGULAR,BATS,10247
BTG,20250717 09:34:04.225000,0,3.36,133,3.37,338,REGULAR,REGULAR,BATS,10247
BTG,20250717 09:34:04.225000,0,3.36,133,3.37,338,REGULAR,REGULAR,BATS,10247
BTG,20250717 09:34:04.784000,0,3.36,86,3.37,338,REGULAR,REGULAR,PACF,10247
BTG,20250717 09:34:06.017000,0,3.36,86,3.37,338,REGULAR,REGULAR,PACF,10247
BTG,20250717 09:34:06.286000,0,3.36,86,3.37,338,REGULAR,REGULAR,PACF,10247
BTG,20250717 09:34:06.548000,0,3.36,86,3.37,338,REGULAR,REGULAR,PACF,10247
BTG,20250717 09:34:06.548000,0,3.36,86,3.37,338,REGULAR,REGULAR,PACF,10247
BTG,20250717 09:34:06.659000,0,3.36,179,3.37,313,REGULAR,REGULAR,PACF,10247
BTG,20250717 09:34:06.659000,0,3.36,179,3.37,313,REGULAR,REGULAR,PACF,10247
BTG,20250717 09:34:06.668000,0,3.36,179,3.37,313,REGULAR,REGULAR,PACF,10247
BTG,20250717 09:34:06.887000,0,3.36,213,3.37,310,REGULAR,REGULAR,PACF,10247
BTG,20250717 09:34:07.101000,0,3.36,173,3.37,310,REGULAR,REGULAR,BATS,10247
BTG,20250717 09:34:07.133000,0,3.36,173,3.37,310,REGULAR,REGULAR,BATS,10247
BTG,20250717 09:34:07.513000,0,3.36,173,3.37,310,REGULAR,REGULAR,BATS,10247
BTG,20250717 09:34:07.885000,0,3.36,156,3.37,310,REGULAR,REGULAR,BATS,10247
BTG,20250717 09:34:08.648000,0,3.36,156,3.37,310,REGULAR,REGULAR,BATS,10247
BTG,20250717 09:34:09.075000,0,3.36,156,3.37,310,REGULAR,REGULAR,BATS,10247
BTG,20250717 09:34:09.269000,0,3.36,125,3.37,310,REGULAR,REGULAR,PACF,10247
BTG,20250717 09:34:09.269000,0,3.36,125,3.37,310,REGULAR,REGULAR,PACF,10247
BTG,20250717 09:34:09.269000,0,3.36,125,3.37,310,REGULAR,REGULAR,PACF,10247
BTG,20250717 09:34:09.269000,0,3.36,125,3.37,310,REGULAR,REGULAR,PACF,10247
BTG,20250717 09:34:09.269000,0,3.36,125,3.37,310,REGULAR,REGULAR,PACF,10247
BTG,20250717 09:34:09.269000,0,3.36,125,3.37,310,REGULAR,REGULAR,PACF,10247
BTG,20250717 09:34:09.269000,0,3.36,125,3.37,310,REGULAR,REGULAR,PACF,10247
BTG,20250717 09:34:09.269000,0,3.36,125,3.37,310,REGULAR,REGULAR,PACF,10247
BTG,20250717 09:34:09.269000,0,3.36,125,3.37,310,REGULAR,REGULAR,PACF,10247
BTG,20250717 09:34:09.269000,0,3.36,125,3.37,310,REGULAR,REGULAR,PACF,10247
BTG,20250717 09:34:09.276000,0,3.36,125,3.37,310,REGULAR,REGULAR,PACF,10247
BTG,20250717 09:34:09.276000,0,3.36,125,3.37,310,REGULAR,REGULAR,PACF,10247
BTG,20250717 09:34:09.276000,0,3.36,125,3.37,310,REGULAR,REGULAR,PACF,10247
BTG,20250717 09:34:09.278000,0,3.36,125,3.37,310,REGULAR,REGULAR,PACF,10247
BTG,20250717 09:34:09.278000,0,3.36,125,3.37,310,REGULAR,REGULAR,PACF,10247
BTG,20250717 09:34:09.278000,0,3.36,125,3.37,310,REGULAR,REGULAR,PACF,10247
BTG,20250717 09:34:09.278000,0,3.36,125,3.37,310,REGULAR,REGULAR,PACF,10247
BTG,20250717 09:34:09.279000,0,3.36,125,3.37,310,REGULAR,REGULAR,PACF,10247
BTG,20250717 09:34:09.279000,0,3.36,125,3.37,310,REGULAR,REGULAR,PACF,10247
BTG,20250717 09:34:09.279000,0,3.36,125,3.37,310,REGULAR,REGULAR,PACF,10247
BTG,20250717 09:34:09.480000,0,3.36,134,3.37,310,REGULAR,REGULAR,BATS,10247
BTG,20250717 09:34:10.096000,0,3.36,137,3.37,310,REGULAR,REGULAR,NYSE,10247
BTG,20250717 09:34:10.762000,0,3.36,132,3.37,310,REGULAR,REGULAR,BATS,10247
BTG,20250717 09:34:11.632000,0,3.36,135,3.37,310,REGULAR,REGULAR,PACF,10247
BTG,20250717 09:34:13.725000,0,3.36,135,3.37,310,REGULAR,REGULAR,PACF,10247
BTG,20250717 09:34:14.648000,0,3.36,93,3.37,338,REGULAR,REGULAR,PACF,10247
BTG,20250717 09:34:15.807000,0,3.36,93,3.37,338,REGULAR,REGULAR,PACF,10247
BTG,20250717 09:34:16.989000,0,3.36,55,3.37,445,REGULAR,REGULAR,MEMX,10247
BTG,20250717 09:34:17.047000,0,3.36,55,3.37,445,REGULAR,REGULAR,MEMX,10247
BTG,20250717 09:34:17.583000,0,3.36,55,3.37,435,REGULAR,REGULAR,MEMX,10247
BTG,20250717 09:34:17.601000,0,3.36,67,3.37,387,REGULAR,REGULAR,PACF,10247
BTG,20250717 09:34:17.672000,0,3.36,67,3.37,387,REGULAR,REGULAR,PACF,10247
BTG,20250717 09:34:18.586000,0,3.36,67,3.37,387,REGULAR,REGULAR,PACF,10247
BTG,20250717 09:34:19.338000,0,3.36,67,3.37,338,REGULAR,REGULAR,PACF,10247
BTG,20250717 09:34:31.228000,0,3.36,55,3.37,384,REGULAR,REGULAR,MEMX,10247
BTG,20250717 09:34:32.744000,0,3.36,71,3.37,362,REGULAR,REGULAR,IEX,10247
BTG,20250717 09:34:32.898000,0,3.36,71,3.37,362,REGULAR,REGULAR,IEX,10247
BTG,20250717 09:34:33.289000,0,3.36,71,3.37,313,REGULAR,REGULAR,IEX,10247
BTG,20250717 09:34:33.290000,0,3.36,71,3.37,313,REGULAR,REGULAR,IEX,10247
BTG,20250717 09:34:35.340000,0,3.36,81,3.37,313,REGULAR,REGULAR,BATS,10247
BTG,20250717 09:34:42.639000,0,3.36,72,3.37,362,REGULAR,REGULAR,PACF,10247
BTG,20250717 09:34:42.674000,0,3.36,72,3.37,362,REGULAR,REGULAR,PACF,10247
BTG,20250717 09:34:42.676000,0,3.36,72,3.37,362,REGULAR,REGULAR,PACF,10247
BTG,20250717 09:34:42.683000,0,3.36,72,3.37,362,REGULAR,REGULAR,PACF,10247
BTG,20250717 09:34:42.683000,0,3.36,72,3.37,362,REGULAR,REGULAR,PACF,10247
BTG,20250717 09:34:53.377000,0,3.36,72,3.37,313,REGULAR,REGULAR,PACF,10247
BTG,20250717 09:34:53.723000,0,3.36,72,3.37,313,REGULAR,REGULAR,PACF,10247
BTG,20250717 09:34:55.640000,0,3.36,72,3.37,313,REGULAR,REGULAR,PACF,10247
BTG,20250717 09:34:57.067000,0,3.36,127,3.37,313,REGULAR,REGULAR,BATS,10247
BTG,20250717 09:34:57.240000,0,3.36,127,3.37,313,REGULAR,REGULAR,BATS,10247
BTG,20250717 09:34:59.839000,0,3.36,72,3.37,313,REGULAR,REGULAR,PACF,10247
BTG,20250717 09:34:59.920000,0,3.36,72,3.37,362,REGULAR,REGULAR,PACF,10247
BTG,20250717 09:35:00.016000,0,3.36,82,3.37,368,REGULAR,REGULAR,PACF,10247
BTG,20250717 09:35:03.004000,0,3.36,80,3.37,374,REGULAR,REGULAR,PACF,10247
BTG,20250717 09:35:03.016000,0,3.36,80,3.37,374,REGULAR,REGULAR,PACF,10247
BTG,20250717 09:35:06.979000,0,3.36,86,3.37,325,REGULAR,REGULAR,PACF,10247
BTG,20250717 09:35:06.980000,0,3.37,330,3.37,3,REGULAR,REGULAR,PACF,10241
BTG,20250717 09:35:06.980000,0,3.37,330,3.37,3,REGULAR,REGULAR,PACF,10241
BTG,20250717 09:35:06.980000,0,3.37,330,3.37,3,REGULAR,REGULAR,PACF,10241
BTG,20250717 09:35:06.980000,0,3.37,330,3.37,3,REGULAR,REGULAR,PACF,10241
BTG,20250717 09:35:06.980000,0,3.37,330,3.37,3,REGULAR,REGULAR,PACF,10241
BTG,20250717 09:35:06.980000,0,3.37,330,3.37,3,REGULAR,REGULAR,PACF,10241
BTG,20250717 09:35:06.980000,0,3.37,330,3.37,3,REGULAR,REGULAR,PACF,10241
BTG,20250717 09:35:06.980000,0,3.37,330,3.37,3,REGULAR,REGULAR,PACF,10241
BTG,20250717 09:35:06.980000,0,3.37,330,3.37,3,REGULAR,REGULAR,PACF,10241
BTG,20250717 09:35:06.980000,0,3.37,330,3.37,3,REGULAR,REGULAR,PACF,10241
BTG,20250717 09:35:06.980000,0,3.37,330,3.37,3,REGULAR,REGULAR,PACF,10241
BTG,20250717 09:35:06.980000,0,3.37,330,3.37,3,REGULAR,REGULAR,PACF,10241
BTG,20250717 09:35:06.980000,0,3.37,330,3.37,3,REGULAR,REGULAR,PACF,10241
BTG,20250717 09:35:06.980000,0,3.37,330,3.37,3,REGULAR,REGULAR,PACF,10241
BTG,20250717 09:35:06.980000,0,3.37,330,3.37,3,REGULAR,REGULAR,PACF,10241
BTG,20250717 09:35:06.980000,0,3.37,330,3.37,3,REGULAR,REGULAR,PACF,10241
BTG,20250717 09:35:06.980000,0,3.37,330,3.37,3,REGULAR,REGULAR,PACF,10241
BTG,20250717 09:35:06.980000,0,3.37,330,3.37,3,REGULAR,REGULAR,PACF,10241
BTG,20250717 09:35:06.980000,0,3.37,330,3.37,3,REGULAR,REGULAR,PACF,10241
BTG,20250717 09:35:06.980000,0,3.37,330,3.37,3,REGULAR,REGULAR,PACF,10241
BTG,20250717 09:35:06.980000,0,3.37,330,3.37,3,REGULAR,REGULAR,PACF,10241
BTG,20250717 09:35:06.980000,0,3.37,330,3.37,3,REGULAR,REGULAR,PACF,10241
BTG,20250717 09:35:06.980000,0,3.37,330,3.37,3,REGULAR,REGULAR,PACF,10241
BTG,20250717 09:35:06.980000,0,3.37,330,3.37,3,REGULAR,REGULAR,PACF,10241
BTG,20250717 09:35:06.980000,0,3.37,330,3.37,3,REGULAR,REGULAR,PACF,10241
BTG,20250717 09:35:06.980000,0,3.37,330,3.37,3,REGULAR,REGULAR,PACF,10241
BTG,20250717 09:35:06.980000,0,3.37,330,3.37,3,REGULAR,REGULAR,PACF,10241
BTG,20250717 09:35:06.980000,0,3.37,330,3.37,3,REGULAR,REGULAR,PACF,10241
BTG,20250717 09:35:06.980000,0,3.37,330,3.37,3,REGULAR,REGULAR,PACF,10241
BTG,20250717 09:35:06.980000,0,3.37,330,3.37,3,REGULAR,REGULAR,PACF,10241
BTG,20250717 09:35:06.980000,0,3.37,330,3.37,3,REGULAR,REGULAR,PACF,10241
BTG,20250717 09:35:06.980000,0,3.37,330,3.37,3,REGULAR,REGULAR,PACF,10241
BTG,20250717 09:35:06.980000,0,3.37,330,3.37,3,REGULAR,REGULAR,PACF,10241
BTG,20250717 09:35:06.980000,0,3.37,330,3.37,3,REGULAR,REGULAR,PACF,10241
BTG,20250717 09:35:06.980000,0,3.37,330,3.37,3,REGULAR,REGULAR,PACF,10241
BTG,20250717 09:35:06.980000,0,3.37,330,3.37,3,REGULAR,REGULAR,PACF,10241
BTG,20250717 09:35:06.980000,0,3.37,330,3.37,3,REGULAR,REGULAR,PACF,10241
BTG,20250717 09:35:06.980000,0,3.37,330,3.37,3,REGULAR,REGULAR,PACF,10241
BTG,20250717 09:35:06.980000,0,3.37,330,3.37,3,REGULAR,REGULAR,PACF,10241
BTG,20250717 09:35:06.980000,0,3.37,330,3.37,3,REGULAR,REGULAR,PACF,10241
BTG,20250717 09:35:06.980000,0,3.37,330,3.37,3,REGULAR,REGULAR,PACF,10241
BTG,20250717 09:35:06.980000,0,3.37,330,3.37,3,REGULAR,REGULAR,PACF,10241
BTG,20250717 09:35:06.980000,0,3.37,330,3.37,3,REGULAR,REGULAR,PACF,10241
BTG,20250717 09:35:06.980000,0,3.37,330,3.37,3,REGULAR,REGULAR,PACF,10241
BTG,20250717 09:35:06.980000,0,3.37,330,3.37,3,REGULAR,REGULAR,PACF,10241
BTG,20250717 09:35:06.980000,0,3.37,330,3.37,3,REGULAR,REGULAR,PACF,10241
BTG,20250717 09:35:06.980000,0,3.37,330,3.37,3,REGULAR,REGULAR,PACF,10241
BTG,20250717 09:35:06.980000,0,3.37,330,3.37,3,REGULAR,REGULAR,PACF,10241
BTG,20250717 09:35:06.980000,0,3.37,330,3.37,3,REGULAR,REGULAR,PACF,10241
BTG,20250717 09:35:06.980000,0,3.37,330,3.37,3,REGULAR,REGULAR,PACF,10241
BTG,20250717 09:35:06.980000,0,3.37,330,3.37,3,REGULAR,REGULAR,PACF,10241
BTG,20250717 09:35:06.980000,0,3.37,330,3.37,3,REGULAR,REGULAR,PACF,10241
BTG,20250717 09:35:06.980000,0,3.37,330,3.37,3,REGULAR,REGULAR,PACF,10241
BTG,20250717 09:35:06.980000,0,3.37,330,3.37,3,REGULAR,REGULAR,PACF,10241
BTG,20250717 09:35:06.980000,0,3.37,330,3.37,3,REGULAR,REGULAR,PACF,10241
BTG,20250717 09:35:06.980000,0,3.37,330,3.37,3,REGULAR,REGULAR,PACF,10241
BTG,20250717 09:35:06.980000,0,3.37,330,3.37,3,REGULAR,REGULAR,PACF,10241
BTG,20250717 09:35:06.980000,0,3.37,330,3.37,3,REGULAR,REGULAR,PACF,10241
BTG,20250717 09:35:06.980000,0,3.37,330,3.37,3,REGULAR,REGULAR,PACF,10241
BTG,20250717 09:35:06.981000,0,3.37,224,3.38,284,REGULAR,REGULAR,PACF,10241
BTG,20250717 09:35:06.981000,0,3.37,224,3.38,284,REGULAR,REGULAR,PACF,10241
BTG,20250717 09:35:06.981000,0,3.37,224,3.38,284,REGULAR,REGULAR,PACF,10241
BTG,20250717 09:35:06.981000,0,3.37,224,3.38,284,REGULAR,REGULAR,PACF,10241
BTG,20250717 09:35:06.981000,0,3.37,224,3.38,284,REGULAR,REGULAR,PACF,10241
BTG,20250717 09:35:06.981000,0,3.37,224,3.38,284,REGULAR,REGULAR,PACF,10241
BTG,20250717 09:35:06.981000,0,3.37,224,3.38,284,REGULAR,REGULAR,PACF,10241
BTG,20250717 09:35:06.981000,0,3.37,224,3.38,284,REGULAR,REGULAR,PACF,10241
