SymbolId,TradeTime,Index,Size,TotalVolume,Price,ReportingExchange,TradeCondition
GTI,20250717 04:00:00.033000,562,30861,30861,0.11,PACF,12545
GTI,20250717 04:00:00.040000,826,100,30961,0.1,EDGX,12545
GTI,20250717 04:00:00.464000,2743,79,31040,0.11,PACF,12545
GTI,20250717 04:00:02.102000,3612,500,31540,0.1,EDGX,12545
GTI,20250717 04:00:02.813000,3912,10000,46342,0.1,EDGX,12545
GTI,20250717 04:00:02.813000,3910,104,36294,0.1,NQEX,12545
GTI,20250717 04:00:02.813000,3909,1000,36190,0.1,PACF,12545
GTI,20250717 04:00:02.813000,3911,48,36342,0.11,EDGX,12545
GTI,20250717 04:00:02.813000,3908,3000,35190,0.1,PACF,12545
GTI,20250717 04:00:02.813000,3907,250,32190,0.1,PACF,12545
GTI,20250717 04:00:02.813000,3906,300,31940,0.1,PACF,12545
GTI,20250717 04:00:02.813000,3905,100,31640,0.11,PACF,12545
GTI,20250717 04:00:02.814000,3913,1150,47492,0.1,MEMX,12545
GTI,20250717 04:00:02.817000,3914,6048,53540,0.1,PACF,12545
GTI,20250717 04:00:06.696000,4706,2,53542,0.1,PACF,12545
GTI,20250717 04:00:08.934000,5117,377,53919,0.1,PACF,12545
GTI,20250717 04:00:09.628000,5283,15,53934,0.11,EDGX,12545
GTI,20250717 04:00:10.131000,5453,303,54237,0.1,PACF,12545
GTI,20250717 04:00:13.616000,6606,5000,59237,0.1,PACF,12545
GTI,20250717 04:00:13.937000,6673,13560,72797,0.1,BATS,12545
GTI,20250717 04:00:13.939000,6676,100,73867,0.11,PACF,12545
GTI,20250717 04:00:13.939000,6675,970,73767,0.11,PACF,12545
GTI,20250717 04:00:17.235000,7602,100,73967,0.11,EDGX,12545
GTI,20250717 04:00:17.429000,7629,100,74067,0.11,PACF,12545
GTI,20250717 04:00:17.429000,7630,100,74167,0.11,PACF,12545
GTI,20250717 04:00:18.260000,7779,2,74169,0.11,EDGX,12545
GTI,20250717 04:00:18.260000,7780,100,74269,0.11,MEMX,12545
GTI,20250717 04:00:18.260000,7781,6400,80669,0.11,MEMX,12545
GTI,20250717 04:00:19.593000,8222,2200,82869,0.1,PACF,12545
GTI,20250717 04:00:19.593000,8223,998,83867,0.1,PACF,12545
GTI,20250717 04:00:19.593000,8224,4396,88263,0.1,PACF,12545
GTI,20250717 04:00:19.593000,8225,100,88363,0.1,PACF,12545
GTI,20250717 04:00:19.593000,8227,94,88537,0.1,PACF,12545
GTI,20250717 04:00:19.593000,8229,6594,95181,0.1,PACF,12545
GTI,20250717 04:00:19.593000,8231,50,95293,0.1,PACF,12545
GTI,20250717 04:00:19.593000,8230,62,95243,0.1,PACF,12545
GTI,20250717 04:00:19.593000,8226,80,88443,0.1,PACF,12545
GTI,20250717 04:00:19.593000,8228,50,88587,0.1,PACF,12545
GTI,20250717 04:00:22.706000,8912,119,95412,0.1,PACF,12545
GTI,20250717 04:00:23.359000,9040,100,95612,0.1,PACF,12545
GTI,20250717 04:00:23.359000,9039,100,95512,0.1,PACF,12545
GTI,20250717 04:00:27.230000,9982,10,95622,0.11,EDGX,12545
GTI,20250717 04:00:34.351000,11454,100,95722,0.1,EDGX,12545
GTI,20250717 04:00:34.714000,11520,5,95727,0.1,EDGX,12545
GTI,20250717 04:00:34.973000,11565,7,95734,0.1,EDGX,12545
GTI,20250717 04:00:34.973000,11566,263,95997,0.1,EDGX,12545
GTI,20250717 04:00:35.438000,11692,630,96627,0.1,EDGX,12545
GTI,20250717 04:00:36.690000,11969,211,96945,0.1,EDGX,12545
GTI,20250717 04:00:36.690000,11968,107,96734,0.1,EDGX,12545
GTI,20250717 04:00:40.256000,12914,758,97703,0.1,EDGX,12545
GTI,20250717 04:00:44.181000,14168,400,100770,0.1,EDGX,12545
GTI,20250717 04:00:44.181000,14167,100,100370,0.1,EDGX,12545
GTI,20250717 04:00:44.181000,14166,1031,100270,0.1,EDGX,12545
GTI,20250717 04:00:44.181000,14165,1536,99239,0.1,EDGX,12545
GTI,20250717 04:00:44.182000,14170,148,100918,0.1,MEMX,12545
GTI,20250717 04:00:44.182000,14171,1900,102818,0.1,PACF,12545
GTI,20250717 04:00:44.380000,14231,24,119871,0.11,NQEX,12545
GTI,20250717 04:00:44.380000,14229,165,118747,0.11,NQEX,12545
GTI,20250717 04:00:44.380000,14232,165,120036,0.11,NQEX,12545
GTI,20250717 04:00:44.380000,14226,7332,110150,0.11,NQEX,12545
GTI,20250717 04:00:44.380000,14227,1100,111250,0.11,NQEX,12545
GTI,20250717 04:00:44.380000,14230,1100,119847,0.11,NQEX,12545
GTI,20250717 04:00:44.380000,14235,25,121330,0.11,NQEX,12545
GTI,20250717 04:00:44.380000,14238,28,121552,0.11,NQEX,12545
GTI,20250717 04:00:44.380000,14239,1,121553,0.11,NQEX,12545
GTI,20250717 04:00:44.380000,14237,4,121524,0.11,NQEX,12545
GTI,20250717 04:00:44.380000,14236,190,121520,0.11,NQEX,12545
GTI,20250717 04:00:44.380000,14234,1265,121305,0.11,NQEX,12545
GTI,20250717 04:00:44.380000,14233,4,120040,0.11,NQEX,12545
GTI,20250717 04:00:44.380000,14228,7332,118582,0.11,NQEX,12545
GTI,20250717 04:00:44.380000,14240,1854,123407,0.11,NQEX,12545
GTI,20250717 04:00:44.753000,14331,174,123581,0.1,PACF,12545
GTI,20250717 04:00:45.230000,14459,362,123943,0.1,PACF,12545
GTI,20250717 04:00:49.547000,15533,292,124235,0.1,EDGX,12545
GTI,20250717 04:00:52.303000,16178,3538,127773,0.1,PACF,12545
GTI,20250717 04:00:53.255000,16462,1000,128773,0.1,PACF,12545
GTI,20250717 04:00:57.442000,17782,100,128873,0.1,PACF,12545
GTI,20250717 04:01:00.269000,18483,5626,134499,0.1,PACF,12545
GTI,20250717 04:01:02.332000,19238,435,134934,0.1,PACF,12545
GTI,20250717 04:01:03.807000,19894,1,134935,0.1,PACF,12545
GTI,20250717 04:01:04.271000,20109,59,134994,0.1,EDGX,12545
GTI,20250717 04:01:06.966000,20665,91,135085,0.1,PACF,12545
GTI,20250717 04:01:07.864000,20902,18,135103,0.1,EDGX,12545
GTI,20250717 04:01:09.266000,21353,20,135123,0.1,PACF,12545
GTI,20250717 04:01:09.832000,21484,2200,147727,0.1,PACF,12545
GTI,20250717 04:01:09.832000,21485,1,147728,0.11,PACF,12545
GTI,20250717 04:01:09.832000,21486,1500,149228,0.11,PACF,12545
GTI,20250717 04:01:09.832000,21487,319,149547,0.11,PACF,12545
GTI,20250717 04:01:09.832000,21488,3274,152821,0.11,PACF,12545
GTI,20250717 04:01:09.832000,21489,4012,156833,0.11,PACF,12545
GTI,20250717 04:01:09.832000,21482,8979,144102,0.1,PACF,12545
GTI,20250717 04:01:09.832000,21483,1425,145527,0.1,PACF,12545
GTI,20250717 04:01:10.658000,21734,1000,157833,0.11,PACF,12545
GTI,20250717 04:01:11.602000,21911,5,157838,0.11,PACF,12545
GTI,20250717 04:01:17.365000,23426,200,158038,0.11,EDGX,12545
GTI,20250717 04:01:18.277000,23608,79,158117,0.11,EDGX,12545
GTI,20250717 04:01:19.468000,23945,292,159961,0.1,PACF,12545
GTI,20250717 04:01:19.468000,23944,1552,159669,0.1,PACF,12545
GTI,20250717 04:01:19.468000,23946,2162,162123,0.1,PACF,12545
GTI,20250717 04:01:20.420000,24204,9,162132,0.11,EDGX,12545
GTI,20250717 04:01:22.283000,24702,338,162470,0.1,EDGX,12545
GTI,20250717 04:01:23.702000,25190,2366,164836,0.1,PACF,12545
GTI,20250717 04:01:25.334000,25640,146,164982,0.1,PACF,12545
GTI,20250717 04:01:25.349000,25643,1837,166819,0.1,PACF,12545
GTI,20250717 04:01:26.174000,25823,8,166827,0.1,PACF,12545
GTI,20250717 04:01:28.633000,26552,1866,168693,0.1,PACF,12545
GTI,20250717 04:01:31.291000,27437,593,169286,0.1,PACF,12545
GTI,20250717 04:01:31.793000,27575,24,169310,0.1,PACF,12545
GTI,20250717 04:01:31.862000,27612,250,169560,0.1,PACF,12545
GTI,20250717 04:01:34.226000,28357,58,169618,0.1,EDGX,12545
GTI,20250717 04:01:35.320000,28694,93,169711,0.1,EDGX,12545
GTI,20250717 04:01:35.730000,28929,1,169712,0.1,PACF,12545
GTI,20250717 04:01:39.135000,29828,1,169713,0.1,EDGX,12545
GTI,20250717 04:01:39.234000,29868,1,169714,0.1,PACF,12545
GTI,20250717 04:01:40.018000,30088,155,169869,0.1,EDGX,12545
GTI,20250717 04:01:40.059000,30096,1,169870,0.1,PACF,12545
GTI,20250717 04:01:42.280000,30683,59,169929,0.1,PACF,12545
GTI,20250717 04:01:42.822000,30803,9,169971,0.1,PACF,12545
GTI,20250717 04:01:42.822000,30802,33,169962,0.1,PACF,12545
GTI,20250717 04:01:43.693000,31101,505,170619,0.1,PACF,12545
GTI,20250717 04:01:43.693000,31102,317,170936,0.1,PACF,12545
GTI,20250717 04:01:43.693000,31100,100,170114,0.1,PACF,12545
GTI,20250717 04:01:43.693000,31099,43,170014,0.1,PACF,12545
GTI,20250717 04:01:43.694000,31103,188,171124,0.1,EDGX,12545
GTI,20250717 04:01:43.938000,31171,9045,180169,0.1,PACF,12545
GTI,20250717 04:01:43.938000,31172,9268,189437,0.1,PACF,12545
GTI,20250717 04:01:45.250000,31504,196,189633,0.1,EDGX,12545
GTI,20250717 04:01:47.224000,32033,80,189713,0.1,EDGX,12545
GTI,20250717 04:01:50.343000,32806,100,189813,0.1,MEMX,12545
GTI,20250717 04:01:52.843000,33542,1,189814,0.1,MEMX,12545
GTI,20250717 04:01:58.512000,35204,24,189838,0.1,PACF,12545
GTI,20250717 04:02:00.821000,36051,1039,192407,0.1,MEMX,12545
GTI,20250717 04:02:00.821000,36052,3888,196295,0.1,MEMX,12545
GTI,20250717 04:02:00.821000,36050,1530,191368,0.1,EDGX,12545
GTI,20250717 04:02:04.106000,36937,11202,207497,0.1,MEMX,12545
GTI,20250717 04:02:04.246000,36991,500,207997,0.1,EDGX,12545
GTI,20250717 04:02:05.377000,37374,2008,211564,0.1,PACF,12545
GTI,20250717 04:02:05.377000,37375,500,212064,0.1,EDGX,12545
GTI,20250717 04:02:05.377000,37369,2,207999,0.1,PACF,12545
GTI,20250717 04:02:05.377000,37372,200,208893,0.1,PACF,12545
GTI,20250717 04:02:05.377000,37373,663,209556,0.1,PACF,12545
GTI,20250717 04:02:05.377000,37370,11,208010,0.1,PACF,12545
GTI,20250717 04:02:05.377000,37371,683,208693,0.1,PACF,12545
GTI,20250717 04:02:06.695000,37746,423,213299,0.1,PACF,12545
GTI,20250717 04:02:06.695000,37745,812,212876,0.1,EDGX,12545
GTI,20250717 04:02:07.232000,37861,1,213300,0.1,MEMX,12545
GTI,20250717 04:02:09.126000,38329,5947,219247,0.1,MEMX,12545
GTI,20250717 04:02:11.969000,39083,30,219277,0.1,MEMX,12545
GTI,20250717 04:02:12.135000,39103,1,219278,0.1,PACF,12545
GTI,20250717 04:02:16.467000,40251,368,219646,0.1,MEMX,12545
GTI,20250717 04:02:17.731000,40632,100,219846,0.1,EDGX,12545
GTI,20250717 04:02:17.731000,40631,100,219746,0.1,EDGX,12545
GTI,20250717 04:02:17.732000,40633,49,219895,0.1,PACF,12545
GTI,20250717 04:02:17.732000,40636,16,219975,0.1,EDGX,12545
GTI,20250717 04:02:17.732000,40634,59,219954,0.1,PACF,12545
GTI,20250717 04:02:17.732000,40637,1393,221368,0.1,PACF,12545
GTI,20250717 04:02:17.732000,40635,5,219959,0.1,PACF,12545
GTI,20250717 04:02:24.051000,42464,47,222468,0.1,PACF,12545
GTI,20250717 04:02:24.051000,42462,507,221921,0.1,PACF,12545
GTI,20250717 04:02:24.051000,42463,500,222421,0.1,PACF,12545
GTI,20250717 04:02:24.051000,42461,46,221414,0.1,MIAX,12545
GTI,20250717 04:02:28.201000,43539,6,222474,0.1,PACF,12545
GTI,20250717 04:02:29.183000,43713,9,222483,0.1,PACF,12545
GTI,20250717 04:02:30.030000,43847,6,222489,0.1,PACF,12545
GTI,20250717 04:02:31.606000,44234,70,222559,0.1,PACF,12545
GTI,20250717 04:02:32.216000,44440,2,222561,0.1,PACF,12545
GTI,20250717 04:02:32.759000,44633,851,223412,0.1,PACF,12545
GTI,20250717 04:02:33.588000,44924,994,224406,0.1,PACF,12545
GTI,20250717 04:02:34.254000,45284,6,224412,0.1,PACF,12545
GTI,20250717 04:02:35.271000,45572,200,224612,0.1,PACF,12545
GTI,20250717 04:02:36.362000,45956,1,224613,0.1,PACF,12545
GTI,20250717 04:02:37.959000,46363,1,224614,0.1,PACF,12545
GTI,20250717 04:02:39.296000,46742,1000,225614,0.1,PACF,12545
GTI,20250717 04:02:43.331000,47817,10,225624,0.1,PACF,12545
GTI,20250717 04:02:46.264000,48521,12,225636,0.1,PACF,12545
GTI,20250717 04:02:48.394000,49078,48,225684,0.1,PACF,12545
GTI,20250717 04:02:49.314000,49272,1,225685,0.1,PACF,12545
GTI,20250717 04:02:50.274000,49497,600,226285,0.1,PACF,12545
GTI,20250717 04:02:51.590000,49714,19,226304,0.1,PACF,12545
GTI,20250717 04:02:51.642000,49739,5,226309,0.1,BATS,12545
GTI,20250717 04:02:52.179000,49892,27,226336,0.1,PACF,12545
GTI,20250717 04:02:52.498000,49950,23,226359,0.1,PACF,12545
GTI,20250717 04:02:52.577000,49992,50,226409,0.1,PACF,12545
GTI,20250717 04:02:54.416000,50436,1000,227932,0.1,EDGX,12545
GTI,20250717 04:02:54.416000,50434,271,226680,0.1,PACF,12545
GTI,20250717 04:02:54.416000,50435,252,226932,0.1,MEMX,12545
GTI,20250717 04:02:54.416000,50437,200,228132,0.1,MIAX,12545
GTI,20250717 04:02:56.479000,50828,100,228232,0.1,MEMX,12545
GTI,20250717 04:02:56.480000,50829,729,228961,0.1,PACF,12545
GTI,20250717 04:02:56.480000,50830,252,229213,0.1,PACF,12545
GTI,20250717 04:02:56.959000,50901,500,229713,0.1,PACF,12545
GTI,20250717 04:02:57.036000,50928,100,229813,0.1,PACF,12545
GTI,20250717 04:02:57.180000,50954,3,229816,0.1,PACF,12545
GTI,20250717 04:03:01.168000,51867,22,229838,0.1,EDGX,12545
GTI,20250717 04:03:02.391000,52178,54,229892,0.1,BATS,12545
GTI,20250717 04:03:03.640000,52477,1,229893,0.1,BATS,12545
GTI,20250717 04:03:04.573000,52814,100,229993,0.1,BATS,12545
GTI,20250717 04:03:06.530000,53302,200,230193,0.1,BATS,12545
GTI,20250717 04:03:06.530000,53303,1931,232124,0.1,BATS,12545
GTI,20250717 04:03:06.530000,53304,578,232702,0.1,EDGX,12545
GTI,20250717 04:03:06.619000,53339,188,232890,0.1,EDGX,12545
GTI,20250717 04:03:08.698000,54108,1,232891,0.1,EDGX,12545
GTI,20250717 04:03:12.926000,55082,1,232892,0.1,EDGX,12545
GTI,20250717 04:03:15.328000,55807,25,232917,0.1,EDGX,12545
GTI,20250717 04:03:15.347000,55825,500,233417,0.1,EDGX,12545
GTI,20250717 04:03:16.226000,56073,1000,235357,0.1,EDGX,12545
GTI,20250717 04:03:16.226000,56072,940,234357,0.1,PACF,12545
GTI,20250717 04:03:17.525000,56369,100,235457,0.1,EDGX,12545
GTI,20250717 04:03:18.082000,56457,75,235532,0.1,PACF,12545
GTI,20250717 04:03:19.427000,56826,200,235732,0.1,EDGX,12545
GTI,20250717 04:03:21.322000,57332,275,237854,0.1,PACF,12545
GTI,20250717 04:03:21.322000,57333,268,238122,0.1,PACF,12545
GTI,20250717 04:03:21.322000,57331,9,237579,0.1,PACF,12545
GTI,20250717 04:03:21.322000,57330,100,237570,0.1,PACF,12545
GTI,20250717 04:03:21.322000,57329,1738,237470,0.1,PACF,12545
GTI,20250717 04:03:21.322000,57334,900,239022,0.1,EDGX,12545
GTI,20250717 04:03:21.322000,57336,264,239922,0.1,EDGX,12545
GTI,20250717 04:03:21.322000,57335,636,239658,0.1,EDGX,12545
GTI,20250717 04:03:21.322000,57337,636,240558,0.1,EDGX,12545
GTI,20250717 04:03:21.780000,57411,100,240658,0.1,PACF,12545
GTI,20250717 04:03:21.780000,57412,360,241018,0.1,EDGX,12545
GTI,20250717 04:03:23.074000,57910,900,241918,0.1,EDGX,12545
GTI,20250717 04:03:24.789000,58467,25,241943,0.1,EDGX,12545
GTI,20250717 04:03:24.854000,58487,2917,245431,0.1,EDGX,12545
GTI,20250717 04:03:24.854000,58486,571,242514,0.1,EDGX,12545
GTI,20250717 04:03:24.855000,58489,1680,247211,0.1,PACF,12545
GTI,20250717 04:03:24.855000,58490,125,247336,0.1,PACF,12545
GTI,20250717 04:03:24.855000,58491,2917,250253,0.1,EDGX,12545
GTI,20250717 04:03:24.855000,58488,100,245531,0.1,PACF,12545
GTI,20250717 04:03:24.856000,58492,14,250267,0.1,PACF,12545
GTI,20250717 04:03:26.523000,59005,200,250467,0.1,PACF,12545
GTI,20250717 04:03:28.874000,59754,1,250468,0.1,EDGX,12545
GTI,20250717 04:03:29.488000,59909,319,250787,0.1,PACF,12545
GTI,20250717 04:03:29.697000,59953,1000,251787,0.1,PACF,12545
GTI,20250717 04:03:30.708000,60308,77,251864,0.1,EDGX,12545
GTI,20250717 04:03:31.187000,60405,846,252710,0.1,EDGX,12545
GTI,20250717 04:03:32.278000,60661,25,252735,0.1,EDGX,12545
GTI,20250717 04:03:35.656000,61753,532,253895,0.1,PACF,12545
GTI,20250717 04:03:35.656000,61752,628,253363,0.1,PACF,12545
GTI,20250717 04:03:38.446000,62488,1,253896,0.1,EDGX,12545
GTI,20250717 04:03:41.890000,63493,10,253906,0.1,EDGX,12545
GTI,20250717 04:03:41.890000,63494,690,254596,0.1,PACF,12545
GTI,20250717 04:03:41.891000,63496,300,254896,0.1,PACF,12545
GTI,20250717 04:03:44.903000,64270,1,254897,0.1,EDGX,12545
GTI,20250717 04:03:45.020000,64297,10,254907,0.1,PACF,12545
GTI,20250717 04:03:45.362000,64422,673,255680,0.1,PACF,12545
GTI,20250717 04:03:45.362000,64423,1,255681,0.1,PACF,12545
GTI,20250717 04:03:45.362000,64421,100,255007,0.1,PACF,12545
GTI,20250717 04:03:45.362000,64424,140,255821,0.1,PACF,12545
GTI,20250717 04:03:45.362000,64426,950,257771,0.1,PACF,12545
GTI,20250717 04:03:45.362000,64427,1964,259735,0.1,EDGX,12545
GTI,20250717 04:03:45.362000,64425,1000,256821,0.1,PACF,12545
GTI,20250717 04:03:46.304000,64651,1393,261128,0.1,PACF,12545
GTI,20250717 04:03:47.457000,64985,118,261246,0.1,EDGX,12545
GTI,20250717 04:03:51.168000,66007,200,261446,0.1,PACF,12545
GTI,20250717 04:03:51.172000,66008,100,261546,0.1,EDGX,12545
GTI,20250717 04:03:52.323000,66424,2000,263546,0.1,EDGX,12545
GTI,20250717 04:03:54.099000,66832,9,263555,0.1,PACF,12545
GTI,20250717 04:03:56.350000,67485,731,265258,0.1,PACF,12545
GTI,20250717 04:03:56.350000,67484,972,264527,0.1,EDGX,12545
GTI,20250717 04:03:56.350000,67486,297,265555,0.1,PACF,12545
GTI,20250717 04:04:01.713000,69035,466,266221,0.1,EDGX,12545
GTI,20250717 04:04:01.713000,69034,200,265755,0.1,EDGX,12545
GTI,20250717 04:04:02.209000,69162,313,266534,0.1,PACF,12545
GTI,20250717 04:04:02.209000,69163,171,266705,0.1,PACF,12545
GTI,20250717 04:04:02.209000,69164,1,266706,0.1,PACF,12545
GTI,20250717 04:04:02.209000,69165,7,266713,0.1,PACF,12545
GTI,20250717 04:04:04.173000,69642,20,266733,0.1,EDGX,12545
GTI,20250717 04:04:04.173000,69643,130,266863,0.1,EDGX,12545
GTI,20250717 04:04:05.170000,69899,4361,271863,0.1,PACF,12545
GTI,20250717 04:04:05.170000,69898,30,267502,0.1,PACF,12545
GTI,20250717 04:04:05.170000,69896,316,267179,0.1,PACF,12545
GTI,20250717 04:04:05.170000,69897,293,267472,0.1,PACF,12545
GTI,20250717 04:04:08.230000,70842,582,272445,0.1,PACF,12545
GTI,20250717 04:04:09.208000,71035,4,272449,0.1,PACF,12545
GTI,20250717 04:04:09.368000,71111,128,272577,0.1,PACF,12545
GTI,20250717 04:04:10.207000,71273,3000,275577,0.1,PACF,12545
GTI,20250717 04:04:10.293000,71296,1,275578,0.1,PACF,12545
GTI,20250717 04:04:12.236000,71735,25,275603,0.1,EDGX,12545
GTI,20250717 04:04:12.310000,71762,75,275678,0.1,PACF,12545
GTI,20250717 04:04:19.330000,73185,4,275682,0.1,EDGX,12545
GTI,20250717 04:04:19.380000,73198,76,275763,0.1,EDGX,12545
GTI,20250717 04:04:19.380000,73197,5,275687,0.1,EDGX,12545
GTI,20250717 04:04:21.215000,73609,35,275798,0.1,PACF,12545
GTI,20250717 04:04:22.209000,73775,89,275887,0.1,PACF,12545
GTI,20250717 04:04:27.319000,75082,4114,280002,0.1,PACF,12545
GTI,20250717 04:04:27.319000,75081,1,275888,0.1,EDGX,12545
GTI,20250717 04:04:28.297000,75295,1,280003,0.1,PACF,12545
GTI,20250717 04:04:29.189000,75487,64,280067,0.1,EDGX,12545
GTI,20250717 04:04:29.441000,75606,100,280167,0.1,PACF,12545
GTI,20250717 04:04:30.186000,75737,475,280642,0.1,EDGX,12545
GTI,20250717 04:04:30.186000,75738,116,280758,0.1,EDGX,12545
GTI,20250717 04:04:30.187000,75739,1281,282039,0.1,PACF,12545
GTI,20250717 04:04:30.330000,75819,5,282044,0.1,PACF,12545
GTI,20250717 04:04:31.245000,76014,209,282253,0.1,PACF,12545
GTI,20250717 04:04:31.396000,76065,412,282665,0.1,PACF,12545
GTI,20250717 04:04:31.396000,76066,1322,283987,0.1,PACF,12545
GTI,20250717 04:04:31.396000,76067,1188,285175,0.1,PACF,12545
GTI,20250717 04:04:34.821000,76783,1914,287089,0.1,PACF,12545
GTI,20250717 04:04:35.674000,77168,100,287491,0.1,EDGX,12545
GTI,20250717 04:04:35.674000,77167,302,287391,0.1,PACF,12545
GTI,20250717 04:04:36.969000,77487,9047,296538,0.1,PACF,12545
GTI,20250717 04:04:36.972000,77489,6,296554,0.1,EDGX,12545
GTI,20250717 04:04:36.972000,77488,10,296548,0.1,EDGX,12545
GTI,20250717 04:04:39.397000,78178,1000,297554,0.1,PACF,12545
GTI,20250717 04:04:39.413000,78189,1000,298554,0.1,PACF,12545
GTI,20250717 04:04:41.312000,78650,1000,299554,0.1,PACF,12545
GTI,20250717 04:04:41.327000,78671,8,299562,0.1,PACF,12545
GTI,20250717 04:04:42.400000,79124,1500,301062,0.1,PACF,12545
GTI,20250717 04:04:42.428000,79138,5,301067,0.1,PACF,12545
GTI,20250717 04:04:42.682000,79171,1,301068,0.1,PACF,12545
GTI,20250717 04:04:43.228000,79367,27,301095,0.1,PACF,12545
GTI,20250717 04:04:44.561000,79677,4007,305102,0.1,PACF,12545
GTI,20250717 04:04:44.561000,79678,1205,306307,0.1,PACF,12545
GTI,20250717 04:04:44.561000,79679,120,306427,0.1,PACF,12545
GTI,20250717 04:04:44.561000,79680,1,306428,0.1,PACF,12545
GTI,20250717 04:04:44.561000,79681,1310,307738,0.1,PACF,12545
GTI,20250717 04:04:44.878000,79755,439,308177,0.1,PACF,12545
GTI,20250717 04:04:50.828000,80839,1000,309244,0.1,PACF,12545
GTI,20250717 04:04:50.828000,80838,67,308244,0.1,EDGX,12545
GTI,20250717 04:04:55.825000,82019,30,309274,0.1,NQEX,12545
GTI,20250717 04:04:56.392000,82133,3,309277,0.1,EDGX,12545
GTI,20250717 04:04:57.505000,82344,3,309280,0.1,NQEX,12545
GTI,20250717 04:04:58.517000,82499,8,309288,0.1,NQEX,12545
GTI,20250717 04:04:59.744000,82716,91,309379,0.1,NQEX,12545
GTI,20250717 04:05:05.507000,83769,3,309382,0.1,PACF,12545
GTI,20250717 04:05:05.724000,83807,249,309631,0.1,PACF,12545
GTI,20250717 04:05:06.308000,83892,9,309640,0.1,PACF,12545
GTI,20250717 04:05:06.974000,84009,20,309660,0.1,PACF,12545
GTI,20250717 04:05:07.878000,84122,1,309661,0.1,EDGX,12545
GTI,20250717 04:05:08.242000,84184,90,309751,0.1,EDGX,12545
GTI,20250717 04:05:08.244000,84185,110,309861,0.1,EDGX,12545
GTI,20250717 04:05:09.330000,84478,1,309862,0.1,EDGX,12545
GTI,20250717 04:05:12.521000,85030,158,310020,0.1,PACF,12545
GTI,20250717 04:05:12.521000,85031,183,310203,0.1,PACF,12545
GTI,20250717 04:05:15.235000,85475,20,310223,0.1,PACF,12545
GTI,20250717 04:05:16.873000,85739,50,310273,0.1,PACF,12545
GTI,20250717 04:05:16.873000,85751,225,322867,0.1,NQEX,12545
GTI,20250717 04:05:16.873000,85752,1842,324709,0.1,EDGX,12545
GTI,20250717 04:05:16.873000,85749,3000,320623,0.1,PACF,12545
GTI,20250717 04:05:16.873000,85747,5000,317123,0.1,PACF,12545
GTI,20250717 04:05:16.873000,85750,2019,322642,0.1,PACF,12545
GTI,20250717 04:05:16.873000,85746,16,312123,0.1,PACF,12545
GTI,20250717 04:05:16.873000,85745,100,312107,0.1,PACF,12545
GTI,20250717 04:05:16.873000,85744,24,312007,0.1,PACF,12545
GTI,20250717 04:05:16.873000,85748,500,317623,0.1,PACF,12545
GTI,20250717 04:05:16.873000,85742,200,311973,0.1,PACF,12545
GTI,20250717 04:05:16.873000,85741,1000,311773,0.1,PACF,12545
GTI,20250717 04:05:16.873000,85740,500,310773,0.1,PACF,12545
GTI,20250717 04:05:16.873000,85743,10,311983,0.1,PACF,12545
GTI,20250717 04:05:18.328000,86134,1500,326209,0.1,EDGX,12545
GTI,20250717 04:05:19.292000,86291,40,326249,0.1,EDGX,12545
GTI,20250717 04:05:22.400000,86797,631,327493,0.1,PACF,12545
GTI,20250717 04:05:22.400000,86796,100,326862,0.1,EDGX,12545
GTI,20250717 04:05:22.400000,86795,1,326762,0.1,EDGX,12545
GTI,20250717 04:05:22.400000,86794,100,326761,0.1,EDGX,12545
GTI,20250717 04:05:22.400000,86793,412,326661,0.1,EDGX,12545
GTI,20250717 04:05:22.699000,86860,100,327593,0.1,PACF,12545
GTI,20250717 04:05:26.423000,87596,269,327862,0.1,PACF,12545
GTI,20250717 04:05:26.423000,87597,268,328130,0.1,PACF,12545
GTI,20250717 04:05:27.207000,87768,798,331562,0.1,PACF,12545
GTI,20250717 04:05:27.207000,87767,2634,330764,0.1,PACF,12545
GTI,20250717 04:05:27.670000,87826,1900,333462,0.1,PACF,12545
GTI,20250717 04:05:27.942000,87865,369,333831,0.1,PACF,12545
GTI,20250717 04:05:27.942000,87866,93,333924,0.1,PACF,12545
GTI,20250717 04:05:27.942000,87867,771,334695,0.1,PACF,12545
GTI,20250717 04:05:29.271000,88110,1255,335950,0.1,PACF,12545
GTI,20250717 04:05:29.271000,88111,1098,337048,0.1,PACF,12545
GTI,20250717 04:05:29.271000,88112,1000,338048,0.1,PACF,12545
GTI,20250717 04:05:30.348000,88347,1000,339048,0.1,EDGX,12545
GTI,20250717 04:05:30.998000,88457,1,339049,0.1,PACF,12545
GTI,20250717 04:05:32.351000,88733,81,339130,0.1,PACF,12545
GTI,20250717 04:05:35.308000,89282,1387,340517,0.1,PACF,12545
GTI,20250717 04:05:35.436000,89299,2119,342636,0.1,PACF,12545
GTI,20250717 04:05:35.436000,89300,1211,343847,0.1,PACF,12545
GTI,20250717 04:05:35.436000,89301,670,344517,0.1,PACF,12545
GTI,20250717 04:05:38.116000,89844,30,344547,0.1,PACF,12545
GTI,20250717 04:05:41.826000,90399,18,344565,0.1,PACF,12545
GTI,20250717 04:05:48.238000,91700,303,344868,0.1,PACF,12545
GTI,20250717 04:05:50.718000,92176,2000,346868,0.1,PACF,12545
GTI,20250717 04:05:51.606000,92435,160,347028,0.1,PACF,12545
GTI,20250717 04:05:55.933000,93269,94,347122,0.1,PACF,12545
GTI,20250717 04:06:01.502000,94165,100,347222,0.1,PACF,12545
GTI,20250717 04:06:10.127000,95708,150,347372,0.1,PACF,12545
GTI,20250717 04:06:15.137000,96732,206,347578,0.1,PACF,12545
GTI,20250717 04:06:24.857000,98809,882,348460,0.1,PACF,12545
GTI,20250717 04:06:27.493000,99352,22,348482,0.1,EDGX,12545
GTI,20250717 04:06:31.638000,100281,800,349282,0.1,EDGX,12545
GTI,20250717 04:06:31.638000,100282,1200,350482,0.1,PACF,12545
GTI,20250717 04:06:31.638000,100283,400,350882,0.1,EDGX,12545
GTI,20250717 04:06:31.639000,100284,600,351482,0.1,EDGX,12545
GTI,20250717 04:06:33.475000,100636,125,351607,0.1,PACF,12545
GTI,20250717 04:06:41.473000,102044,1,351608,0.1,EDGX,12545
GTI,20250717 04:06:42.765000,102309,98,351706,0.1,PACF,12545
GTI,20250717 04:06:46.070000,102863,12,351718,0.1,PACF,12545
GTI,20250717 04:06:58.098000,104829,593,352311,0.1,PACF,12545
GTI,20250717 04:06:58.538000,104906,69,352380,0.1,PACF,12545
GTI,20250717 04:07:03.477000,105797,1190,353870,0.1,NQEX,12545
GTI,20250717 04:07:03.477000,105796,300,352680,0.1,NQEX,12545
GTI,20250717 04:07:03.831000,105871,24,353894,0.1,PACF,12545
GTI,20250717 04:07:08.046000,106753,300,354194,0.1,PACF,12545
GTI,20250717 04:07:09.249000,106935,10,354204,0.1,PACF,12545
GTI,20250717 04:07:09.616000,106971,3,354207,0.1,PACF,12545
GTI,20250717 04:07:10.998000,107162,1,354208,0.1,PACF,12545
GTI,20250717 04:07:12.598000,107417,100,354308,0.1,PACF,12545
GTI,20250717 04:07:14.852000,107986,1,354309,0.1,PACF,12545
GTI,20250717 04:07:15.054000,108021,30,354339,0.1,NQEX,12545
GTI,20250717 04:07:15.206000,108054,68,355924,0.1,PACF,12545
GTI,20250717 04:07:15.206000,108053,1517,355856,0.1,PACF,12545
GTI,20250717 04:07:19.745000,109003,56,355980,0.1,PACF,12545
GTI,20250717 04:07:19.867000,109013,2000,357980,0.1,PACF,12545
GTI,20250717 04:07:20.316000,109116,1200,359180,0.1,NQEX,12545
GTI,20250717 04:07:20.317000,109118,692,359980,0.1,NQEX,12545
GTI,20250717 04:07:20.317000,109117,108,359288,0.1,NQEX,12545
GTI,20250717 04:07:21.525000,109318,947,360927,0.1,PACF,12545
GTI,20250717 04:07:22.229000,109396,3,360930,0.1,PACF,12545
GTI,20250717 04:07:23.673000,109678,37,360967,0.1,PACF,12545
GTI,20250717 04:07:23.673000,109682,938,362930,0.1,PACF,12545
GTI,20250717 04:07:23.673000,109681,1000,361992,0.1,PACF,12545
GTI,20250717 04:07:23.673000,109680,5,360992,0.1,PACF,12545
GTI,20250717 04:07:23.673000,109679,20,360987,0.1,PACF,12545
GTI,20250717 04:07:23.965000,109746,15,362945,0.1,PACF,12545
GTI,20250717 04:07:24.938000,109904,700,363813,0.1,PACF,12545
GTI,20250717 04:07:24.938000,109905,100,363913,0.1,NQEX,12545
GTI,20250717 04:07:24.938000,109903,168,363113,0.1,NQEX,12545
GTI,20250717 04:07:24.939000,109906,100,364013,0.1,NQEX,12545
GTI,20250717 04:07:24.940000,109908,100,364405,0.1,NQEX,12545
GTI,20250717 04:07:24.940000,109909,108,364513,0.1,NQEX,12545
GTI,20250717 04:07:24.940000,109907,292,364305,0.1,PACF,12545
GTI,20250717 04:07:24.946000,109910,83,364596,0.1,PACF,12545
GTI,20250717 04:07:25.159000,109955,1729,366372,0.1,PACF,12545
GTI,20250717 04:07:25.159000,109954,47,364643,0.1,PACF,12545
GTI,20250717 04:07:25.159000,109956,715,367087,0.1,PACF,12545
GTI,20250717 04:07:27.163000,110362,100,367388,0.1,NQEX,12545
GTI,20250717 04:07:27.163000,110361,201,367288,0.1,PACF,12545
GTI,20250717 04:07:27.470000,110404,563,367951,0.1,NQEX,12545
GTI,20250717 04:07:27.471000,110409,292,368843,0.1,NQEX,12545
GTI,20250717 04:07:27.471000,110408,100,368551,0.1,NQEX,12545
GTI,20250717 04:07:27.471000,110407,300,368451,0.1,NQEX,12545
GTI,20250717 04:07:27.471000,110405,100,368051,0.1,NQEX,12545
GTI,20250717 04:07:27.471000,110406,100,368151,0.1,NQEX,12545
GTI,20250717 04:07:27.476000,110410,1545,370388,0.1,PACF,12545
GTI,20250717 04:07:31.341000,111150,65,370453,0.1,EDGX,12545
GTI,20250717 04:07:31.345000,111152,1000,371453,0.1,PACF,12545
GTI,20250717 04:07:33.850000,111636,20,371473,0.1,PACF,12545
GTI,20250717 04:07:33.850000,111637,279,371752,0.1,PACF,12545
GTI,20250717 04:07:35.225000,112036,3000,375752,0.1,EDGX,12545
GTI,20250717 04:07:35.225000,112035,1000,372752,0.1,PACF,12545
GTI,20250717 04:07:40.733000,113074,329,376081,0.1,PACF,12545
GTI,20250717 04:07:42.615000,113335,1058,377139,0.1,EDGX,12545
GTI,20250717 04:07:43.205000,113418,1942,379081,0.1,EDGX,12545
GTI,20250717 04:07:43.206000,113419,24000,403081,0.1,MEMX,12545
GTI,20250717 04:07:44.635000,113626,2000,405081,0.1,MEMX,12545
GTI,20250717 04:07:45.076000,113695,6000,411081,0.1,PACF,12545
GTI,20250717 04:07:46.591000,113917,1000,412081,0.1,MEMX,12545
GTI,20250717 04:07:47.241000,114061,4000,416081,0.1,PACF,12545
GTI,20250717 04:07:50.378000,114589,507,416588,0.1,NQEX,12545
GTI,20250717 04:07:50.503000,114616,900,417488,0.1,MEMX,12545
GTI,20250717 04:07:51.515000,114842,3000,420488,0.1,MEMX,12545
GTI,20250717 04:07:53.149000,115040,670,421158,0.1,MEMX,12545
GTI,20250717 04:07:55.617000,115595,2500,423658,0.1,PACF,12545
GTI,20250717 04:07:56.122000,115765,1613,425271,0.1,PACF,12545
GTI,20250717 04:07:57.266000,115952,7700,432982,0.1,MEMX,12545
GTI,20250717 04:07:57.266000,115953,700,433682,0.1,MEMX,12545
GTI,20250717 04:07:57.266000,115954,331,434013,0.1,MEMX,12545
GTI,20250717 04:07:57.266000,115951,11,425282,0.1,MEMX,12545
GTI,20250717 04:07:57.267000,115955,700,434713,0.1,MEMX,12545
GTI,20250717 04:07:57.409000,115971,41,434754,0.1,PACF,12545
GTI,20250717 04:07:58.206000,116101,508,435755,0.1,PACF,12545
GTI,20250717 04:07:58.206000,116100,493,435247,0.1,NQEX,12545
GTI,20250717 04:07:58.791000,116199,1400,437155,0.1,PACF,12545
GTI,20250717 04:07:58.973000,116211,2,437157,0.1,PACF,12545
GTI,20250717 04:07:59.005000,116224,796,437953,0.1,PACF,12545
GTI,20250717 04:07:59.008000,116225,300,438253,0.1,EDGX,12545
GTI,20250717 04:07:59.008000,116226,300,438553,0.1,MEMX,12545
GTI,20250717 04:07:59.009000,116227,904,439457,0.1,PACF,12545
GTI,20250717 04:07:59.009000,116228,396,439853,0.1,PACF,12545
GTI,20250717 04:07:59.171000,116241,500,440353,0.1,PACF,12545
GTI,20250717 04:07:59.171000,116242,500,440853,0.1,PACF,12545
GTI,20250717 04:07:59.345000,116290,6955,448308,0.1,PACF,12545
GTI,20250717 04:07:59.345000,116289,500,441353,0.1,PACF,12545
GTI,20250717 04:07:59.662000,116360,874,449182,0.1,PACF,12545
GTI,20250717 04:07:59.861000,116412,5,451467,0.1,PACF,12545
GTI,20250717 04:07:59.861000,116413,3,451470,0.1,PACF,12545
GTI,20250717 04:07:59.861000,116414,10,451480,0.1,PACF,12545
GTI,20250717 04:07:59.861000,116415,8,451488,0.1,PACF,12545
GTI,20250717 04:07:59.861000,116416,2694,454182,0.1,PACF,12545
GTI,20250717 04:07:59.861000,116411,2280,451462,0.1,PACF,12545
GTI,20250717 04:07:59.867000,116417,21,454203,0.1,PACF,12545
GTI,20250717 04:08:01.993000,116798,500,455342,0.1,PACF,12545
GTI,20250717 04:08:01.993000,116797,639,454842,0.1,PACF,12545
GTI,20250717 04:08:01.994000,116799,65,455407,0.1,NQEX,12545
GTI,20250717 04:08:01.994000,116800,3796,459203,0.1,EDGX,12545
GTI,20250717 04:08:02.150000,116822,1000,467407,0.1,EDGX,12545
GTI,20250717 04:08:02.150000,116820,1000,464407,0.1,EDGX,12545
GTI,20250717 04:08:02.150000,116819,4204,463407,0.1,EDGX,12545
GTI,20250717 04:08:02.150000,116823,1796,469203,0.1,EDGX,12545
GTI,20250717 04:08:02.150000,116821,2000,466407,0.1,EDGX,12545
GTI,20250717 04:08:02.259000,116826,82,469285,0.1,PACF,12545
GTI,20250717 04:08:02.522000,116867,181,469466,0.1,NQEX,12545
GTI,20250717 04:08:02.522000,116869,2830,473946,0.1,NQEX,12545
GTI,20250717 04:08:02.522000,116868,1650,471116,0.1,NQEX,12545
GTI,20250717 04:08:02.522000,116872,96,476385,0.1,EDGX,12545
GTI,20250717 04:08:02.522000,116875,6235,485720,0.1,NQEX,12545
GTI,20250717 04:08:02.522000,116871,243,476289,0.1,EDGX,12545
GTI,20250717 04:08:02.522000,116874,2100,479485,0.1,NQEX,12545
GTI,20250717 04:08:02.522000,116870,2100,476046,0.1,NQEX,12545
GTI,20250717 04:08:02.522000,116873,1000,477385,0.1,EDGX,12545
GTI,20250717 04:08:02.523000,116894,935,493639,0.1,EDGX,12545
GTI,20250717 04:08:02.523000,116895,1000,494639,0.1,EDGX,12545
GTI,20250717 04:08:02.523000,116896,944,495583,0.1,EDGX,12545
GTI,20250717 04:08:02.523000,116897,181,495764,0.1,EDGX,12545
GTI,20250717 04:08:02.523000,116879,1000,487210,0.1,NQEX,12545
GTI,20250717 04:08:02.523000,116878,100,486210,0.1,NQEX,12545
GTI,20250717 04:08:02.523000,116882,100,488310,0.1,MEMX,12545
GTI,20250717 04:08:02.523000,116877,100,486110,0.1,NQEX,12545
GTI,20250717 04:08:02.523000,116876,290,486010,0.1,NQEX,12545
GTI,20250717 04:08:02.523000,116893,65,492704,0.1,EDGX,12545
GTI,20250717 04:08:02.523000,116884,539,489849,0.1,EDGX,12545
GTI,20250717 04:08:02.523000,116883,1000,489310,0.1,EDGX,12545
GTI,20250717 04:08:02.523000,116886,700,490549,0.1,PACF,12545
GTI,20250717 04:08:02.523000,116892,76,492639,0.1,EDGX,12545
GTI,20250717 04:08:02.523000,116891,180,492563,0.1,EDGX,12545
GTI,20250717 04:08:02.523000,116880,337,487547,0.1,NQEX,12545
GTI,20250717 04:08:02.523000,116890,298,492383,0.1,PACF,12545
GTI,20250717 04:08:02.523000,116889,1000,492085,0.1,PACF,12545
GTI,20250717 04:08:02.523000,116888,75,491085,0.1,PACF,12545
GTI,20250717 04:08:02.523000,116887,461,491010,0.1,EDGX,12545
GTI,20250717 04:08:02.523000,116881,663,488210,0.1,NQEX,12545
GTI,20250717 04:08:02.525000,116900,500,498764,0.1,PACF,12545
GTI,20250717 04:08:02.525000,116899,1000,498264,0.1,PACF,12545
GTI,20250717 04:08:02.525000,116898,1500,497264,0.1,PACF,12545
GTI,20250717 04:08:02.897000,116944,100,500864,0.1,MIAX,12545
GTI,20250717 04:08:02.898000,116945,2000,502864,0.09,PACF,12545
GTI,20250717 04:08:03.948000,117205,5,502869,0.09,PACF,12545
GTI,20250717 04:08:05.550000,117876,10,502879,0.09,PACF,12545
GTI,20250717 04:08:06.200000,117989,100,505772,0.09,MIAX,12545
GTI,20250717 04:08:06.200000,117988,100,505672,0.09,EDGX,12545
GTI,20250717 04:08:06.200000,117987,100,505572,0.09,MEMX,12545
GTI,20250717 04:08:06.200000,117986,383,505472,0.09,NQEX,12545
GTI,20250717 04:08:06.200000,117983,10,502889,0.09,PACF,12545
GTI,20250717 04:08:06.200000,117985,700,505089,0.09,PACF,12545
GTI,20250717 04:08:06.200000,117984,1500,504389,0.09,PACF,12545
GTI,20250717 04:08:06.599000,118042,100,505872,0.09,PACF,12545
GTI,20250717 04:08:06.626000,118048,10010,515882,0.09,EDGX,12545
GTI,20250717 04:08:07.542000,118208,1000,516882,0.09,PACF,12545
GTI,20250717 04:08:07.653000,118224,500,517382,0.09,EDGX,12545
GTI,20250717 04:08:08.628000,118342,4990,522372,0.09,EDGX,12545
GTI,20250717 04:08:08.628000,118343,5010,527382,0.09,EDGX,12545
GTI,20250717 04:08:10.442000,118706,1700,533682,0.1,BATS,12545
GTI,20250717 04:08:10.442000,118704,2400,529782,0.09,EDGX,12545
GTI,20250717 04:08:10.442000,118705,2200,531982,0.1,PACF,12545
GTI,20250717 04:08:10.442000,118707,24317,557999,0.1,PACF,12545
GTI,20250717 04:08:10.443000,118708,5149,563148,0.1,BATS,12545
GTI,20250717 04:08:10.444000,118710,819,566017,0.1,NQEX,12545
GTI,20250717 04:08:10.444000,118709,2050,565198,0.1,NQEX,12545
GTI,20250717 04:08:10.881000,118779,789,566806,0.1,NQEX,12545
GTI,20250717 04:08:10.882000,118780,682,567488,0.1,NQEX,12545
GTI,20250717 04:08:11.195000,118821,100,567588,0.1,EDGX,12545
GTI,20250717 04:08:12.305000,119011,6849,576754,0.1,BATS,12545
GTI,20250717 04:08:12.305000,119010,2317,569905,0.1,BATS,12545
GTI,20250717 04:08:12.306000,119014,2197,579719,0.1,EDGX,12545
GTI,20250717 04:08:12.308000,119015,100,579819,0.09,PACF,12545
GTI,20250717 04:08:12.309000,119020,1500,585419,0.09,PACF,12545
GTI,20250717 04:08:13.738000,119184,882,586301,0.1,EDGX,12545
GTI,20250717 04:08:13.918000,119192,1435,587736,0.1,EDGX,12545
GTI,20250717 04:08:13.920000,119193,10644,598380,0.1,EDGX,12545
GTI,20250717 04:08:16.390000,119531,99,598479,0.09,EDGX,12545
GTI,20250717 04:08:16.814000,119602,1,598480,0.09,EDGX,12545
GTI,20250717 04:08:16.815000,119603,189,598669,0.09,PACF,12545
GTI,20250717 04:08:17.381000,119682,200,598869,0.09,PACF,12545
GTI,20250717 04:08:17.705000,119783,2611,601480,0.09,PACF,12545
GTI,20250717 04:08:17.705000,119784,300,601780,0.09,PACF,12545
GTI,20250717 04:08:17.705000,119788,4736,607916,0.09,PACF,12545
GTI,20250717 04:08:17.705000,119787,1000,603180,0.09,PACF,12545
GTI,20250717 04:08:17.705000,119785,300,602080,0.09,PACF,12545
GTI,20250717 04:08:17.705000,119786,100,602180,0.09,PACF,12545
GTI,20250717 04:08:18.033000,119901,100,608016,0.09,PACF,12545
GTI,20250717 04:08:18.033000,119902,450,608466,0.09,PACF,12545
GTI,20250717 04:08:18.633000,119945,7020,616166,0.09,PACF,12545
GTI,20250717 04:08:18.633000,119944,100,609146,0.09,PACF,12545
GTI,20250717 04:08:18.633000,119943,580,609046,0.09,PACF,12545
GTI,20250717 04:08:18.882000,120015,25,616191,0.09,PACF,12545
GTI,20250717 04:08:21.914000,120466,6,616273,0.09,PACF,12545
GTI,20250717 04:08:21.914000,120465,1,616267,0.09,PACF,12545
GTI,20250717 04:08:21.914000,120464,75,616266,0.09,PACF,12545
GTI,20250717 04:08:22.845000,120634,70,616343,0.1,EDGX,12545
GTI,20250717 04:08:24.186000,120837,10,616353,0.09,PACF,12545
GTI,20250717 04:08:24.186000,120838,2,616355,0.09,PACF,12545
GTI,20250717 04:08:24.579000,120889,8,638551,0.09,PACF,12545
GTI,20250717 04:08:24.579000,120888,20396,638543,0.09,PACF,12545
GTI,20250717 04:08:24.579000,120887,1000,618147,0.09,PACF,12545
GTI,20250717 04:08:24.579000,120886,100,617147,0.09,PACF,12545
GTI,20250717 04:08:24.579000,120885,500,617047,0.09,PACF,12545
GTI,20250717 04:08:24.579000,120884,100,616547,0.09,PACF,12545
GTI,20250717 04:08:24.579000,120883,92,616447,0.09,PACF,12545
GTI,20250717 04:08:24.748000,120911,44,638601,0.09,PACF,12545
GTI,20250717 04:08:24.748000,120910,6,638557,0.09,PACF,12545
GTI,20250717 04:08:27.489000,121485,63,638664,0.09,MEMX,12545
GTI,20250717 04:08:27.525000,121491,16773,655437,0.09,PACF,12545
GTI,20250717 04:08:27.525000,121492,4937,660374,0.09,MEMX,12545
GTI,20250717 04:08:28.369000,121582,16,660390,0.09,PACF,12545
GTI,20250717 04:08:28.634000,121639,200,660590,0.09,PACF,12545
GTI,20250717 04:08:30.590000,121958,1831,665590,0.09,PACF,12545
GTI,20250717 04:08:30.590000,121957,3169,663759,0.09,PACF,12545
GTI,20250717 04:08:30.735000,121968,200,665790,0.09,PACF,12545
GTI,20250717 04:08:30.933000,121983,6,665796,0.09,PACF,12545
GTI,20250717 04:08:32.999000,122200,3,665799,0.09,PACF,12545
GTI,20250717 04:08:33.760000,122323,1,665800,0.09,PACF,12545
GTI,20250717 04:08:34.863000,122499,547,666347,0.09,PACF,12545
GTI,20250717 04:08:34.904000,122501,1500,667847,0.09,PACF,12545
GTI,20250717 04:08:35.125000,122516,89,667936,0.09,PACF,12545
GTI,20250717 04:08:35.187000,122519,5000,673293,0.09,PACF,12545
GTI,20250717 04:08:35.187000,122522,1,673795,0.09,PACF,12545
GTI,20250717 04:08:35.187000,122521,500,673794,0.09,PACF,12545
GTI,20250717 04:08:35.187000,122518,357,668293,0.09,PACF,12545
GTI,20250717 04:08:35.187000,122527,4100,688562,0.09,PACF,12545
GTI,20250717 04:08:35.187000,122529,1243,690400,0.09,PACF,12545
GTI,20250717 04:08:35.187000,122530,200,690600,0.09,PACF,12545
GTI,20250717 04:08:35.187000,122531,20,690620,0.09,PACF,12545
GTI,20250717 04:08:35.187000,122532,3316,693936,0.09,PACF,12545
GTI,20250717 04:08:35.187000,122533,1000,694936,0.09,MEMX,12545
GTI,20250717 04:08:35.187000,122534,1000,695936,0.09,EDGX,12545
GTI,20250717 04:08:35.187000,122523,5537,679332,0.09,PACF,12545
GTI,20250717 04:08:35.187000,122520,1,673294,0.09,PACF,12545
GTI,20250717 04:08:35.187000,122528,595,689157,0.09,PACF,12545
GTI,20250717 04:08:35.187000,122524,4000,683332,0.09,PACF,12545
GTI,20250717 04:08:35.187000,122526,130,684462,0.09,PACF,12545
GTI,20250717 04:08:35.187000,122525,1000,684332,0.09,PACF,12545
GTI,20250717 04:08:35.341000,122585,4,695940,0.09,PACF,12545
GTI,20250717 04:08:37.361000,122889,565,696505,0.09,PACF,12545
GTI,20250717 04:08:39.486000,123156,28,696533,0.09,EDGX,12545
GTI,20250717 04:08:39.799000,123179,11,696544,0.09,NQEX,12545
GTI,20250717 04:08:40.723000,123344,620,697164,0.09,PACF,12545
GTI,20250717 04:08:41.148000,123397,83,697247,0.09,PACF,12545
GTI,20250717 04:08:42.373000,123542,26,697273,0.09,NQEX,12545
GTI,20250717 04:08:42.374000,123543,70,697343,0.09,PACF,12545
GTI,20250717 04:08:43.212000,123655,174,697517,0.09,PACF,12545
GTI,20250717 04:08:43.212000,123656,4,697521,0.09,PACF,12545
GTI,20250717 04:08:43.387000,123682,30,697551,0.09,PACF,12545
GTI,20250717 04:08:43.542000,123707,1,697552,0.09,EDGX,12545
GTI,20250717 04:08:43.598000,123739,4972,704764,0.09,EDGX,12545
GTI,20250717 04:08:43.598000,123738,500,699792,0.09,PACF,12545
GTI,20250717 04:08:43.598000,123737,1500,699292,0.09,PACF,12545
GTI,20250717 04:08:43.598000,123736,240,697792,0.09,PACF,12545
GTI,20250717 04:08:43.599000,123742,100,706566,0.09,EDGX,12545
GTI,20250717 04:08:43.599000,123740,202,704966,0.09,PACF,12545
GTI,20250717 04:08:43.599000,123743,986,707552,0.09,NQEX,12545
GTI,20250717 04:08:43.599000,123741,1500,706466,0.09,PACF,12545
GTI,20250717 04:08:46.404000,124115,113,707665,0.09,NQEX,12545
GTI,20250717 04:08:46.404000,124117,500,711165,0.09,PACF,12545
GTI,20250717 04:08:46.404000,124116,3000,710665,0.09,PACF,12545
GTI,20250717 04:08:46.404000,124118,1788,712953,0.09,PACF,12545
GTI,20250717 04:08:46.405000,124119,113,713066,0.09,PACF,12545
GTI,20250717 04:08:46.460000,124129,200,713266,0.09,EDGX,12545
GTI,20250717 04:08:46.892000,124188,524,713790,0.09,EDGX,12545
GTI,20250717 04:08:46.892000,124189,327,714117,0.09,EDGX,12545
GTI,20250717 04:08:46.920000,124198,73,714190,0.09,PACF,12545
GTI,20250717 04:08:48.276000,124437,7434,721624,0.09,NQEX,12545
GTI,20250717 04:08:48.323000,124441,400,722024,0.09,PACF,12545
GTI,20250717 04:08:48.731000,124491,100,722124,0.09,PACF,12545
GTI,20250717 04:08:48.731000,124493,1,722151,0.09,PACF,12545
GTI,20250717 04:08:48.731000,124492,26,722150,0.09,PACF,12545
GTI,20250717 04:08:51.087000,124902,43,722194,0.09,PACF,12545
GTI,20250717 04:08:51.087000,124903,43,722237,0.09,PACF,12545
GTI,20250717 04:08:51.088000,124906,14,722294,0.09,PACF,12545
GTI,20250717 04:08:51.088000,124905,29,722280,0.09,PACF,12545
GTI,20250717 04:08:51.088000,124904,14,722251,0.09,PACF,12545
GTI,20250717 04:08:51.303000,124921,1000,723294,0.09,EDGX,12545
GTI,20250717 04:08:51.587000,124956,100,723394,0.09,MEMX,12545
GTI,20250717 04:08:52.190000,125185,321,724356,0.09,PACF,12545
GTI,20250717 04:08:52.190000,125184,641,724035,0.09,EDGX,12545
GTI,20250717 04:08:52.194000,125190,19803,745427,0.09,PACF,12545
GTI,20250717 04:08:52.194000,125188,268,724624,0.09,NQEX,12545
GTI,20250717 04:08:52.194000,125189,1000,725624,0.09,NQEX,12545
GTI,20250717 04:08:54.240000,125469,2090,750367,0.09,MEMX,12545
GTI,20250717 04:08:54.240000,125466,1500,746927,0.09,PACF,12545
GTI,20250717 04:08:54.240000,125467,850,747777,0.09,PACF,12545
GTI,20250717 04:08:54.240000,125470,261,750628,0.09,EDGX,12545
GTI,20250717 04:08:54.240000,125468,500,748277,0.09,PACF,12545
GTI,20250717 04:08:54.248000,125472,2810,760220,0.09,MEMX,12545
GTI,20250717 04:08:54.248000,125471,6782,757410,0.09,PACF,12545
GTI,20250717 04:08:54.249000,125475,1500,782483,0.09,PACF,12545
GTI,20250717 04:08:54.249000,125474,419,780983,0.09,PACF,12545
GTI,20250717 04:08:54.249000,125473,20344,780564,0.09,PACF,12545
GTI,20250717 04:08:54.250000,125476,1673,784156,0.09,PACF,12545
GTI,20250717 04:08:56.994000,125791,300,784456,0.09,PACF,12545
GTI,20250717 04:08:56.997000,125793,240,784696,0.09,PACF,12545
GTI,20250717 04:08:56.997000,125794,30,784726,0.09,PACF,12545
GTI,20250717 04:08:57.000000,125795,1074,785800,0.09,PACF,12545
GTI,20250717 04:08:57.644000,125899,1,785801,0.09,PACF,12545
GTI,20250717 04:08:58.523000,126072,168,812713,0.09,PACF,12545
GTI,20250717 04:08:58.523000,126074,205,813168,0.09,PACF,12545
GTI,20250717 04:08:58.523000,126073,250,812963,0.09,PACF,12545
GTI,20250717 04:08:58.523000,126068,400,788240,0.09,NQEX,12545
GTI,20250717 04:08:58.523000,126071,100,812545,0.09,PACF,12545
GTI,20250717 04:08:58.523000,126070,24204,812445,0.09,PACF,12545
GTI,20250717 04:08:58.523000,126066,871,786672,0.09,EDGX,12545
GTI,20250717 04:08:58.523000,126069,1,788241,0.09,PACF,12545
GTI,20250717 04:08:58.523000,126067,1168,787840,0.09,EDGX,12545
GTI,20250717 04:08:58.523000,126075,5947,819115,0.09,PACF,12545
GTI,20250717 04:08:58.709000,126085,65,819180,0.09,EDGX,12545
GTI,20250717 04:09:00.517000,126353,2002,821182,0.09,EDGX,12545
GTI,20250717 04:09:00.698000,126382,500,821682,0.09,EDGX,12545
GTI,20250717 04:09:00.753000,126387,500,822182,0.09,PACF,12545
GTI,20250717 04:09:01.289000,126474,200,822382,0.09,PACF,12545
GTI,20250717 04:09:02.370000,126600,303,822685,0.09,EDGX,12545
GTI,20250717 04:09:02.370000,126601,797,823482,0.09,PACF,12545
GTI,20250717 04:09:04.175000,126847,500,823984,0.09,EDGX,12545
GTI,20250717 04:09:04.175000,126846,2,823484,0.09,EDGX,12545
GTI,20250717 04:09:04.175000,126848,500,824484,0.09,EDGX,12545
GTI,20250717 04:09:04.176000,126849,1,824485,0.09,PACF,12545
GTI,20250717 04:09:04.176000,126850,1131,825616,0.09,EDGX,12545
GTI,20250717 04:09:05.854000,127049,80,825696,0.09,PACF,12545
GTI,20250717 04:09:06.693000,127194,1000,826696,0.09,PACF,12545
GTI,20250717 04:09:06.911000,127259,713,827409,0.09,PACF,12545
GTI,20250717 04:09:08.509000,127450,682,828091,0.09,PACF,12545
GTI,20250717 04:09:09.638000,127747,10,828101,0.09,PACF,12545
GTI,20250717 04:09:11.374000,128059,1,828102,0.09,PACF,12545
GTI,20250717 04:09:15.542000,128779,300,828402,0.09,PACF,12545
GTI,20250717 04:09:19.700000,129303,5,828407,0.09,PACF,12545
GTI,20250717 04:09:20.406000,129381,1,828408,0.09,PACF,12545
GTI,20250717 04:09:21.359000,129562,100,828508,0.09,EDGX,12545
GTI,20250717 04:09:21.566000,129599,546,829054,0.09,EDGX,12545
GTI,20250717 04:09:22.282000,129730,1,829055,0.09,PACF,12545
GTI,20250717 04:09:22.342000,129735,1,829056,0.09,PACF,12545
GTI,20250717 04:09:23.092000,129901,1,829057,0.09,PACF,12545
GTI,20250717 04:09:23.702000,129975,1,829058,0.09,PACF,12545
GTI,20250717 04:09:25.121000,130297,5,829063,0.09,EDGX,12545
GTI,20250717 04:09:26.006000,130422,395,829458,0.09,EDGX,12545
GTI,20250717 04:09:26.006000,130423,500,829958,0.09,EDGX,12545
GTI,20250717 04:09:26.006000,130425,4,829978,0.09,EDGX,12545
GTI,20250717 04:09:26.006000,130424,16,829974,0.09,EDGX,12545
GTI,20250717 04:09:26.007000,130426,2355,832333,0.09,PACF,12545
GTI,20250717 04:09:26.007000,130427,2000,834333,0.09,PACF,12545
GTI,20250717 04:09:26.007000,130428,200,834533,0.09,PACF,12545
GTI,20250717 04:09:26.007000,130429,192,834725,0.09,PACF,12545
GTI,20250717 04:09:27.040000,130660,50,834775,0.09,PACF,12545
GTI,20250717 04:09:28.371000,130872,3,834778,0.09,PACF,12545
GTI,20250717 04:09:28.467000,130882,755,835533,0.09,PACF,12545
GTI,20250717 04:09:28.467000,130883,652,836185,0.09,PACF,12545
GTI,20250717 04:09:28.467000,130886,300,836523,0.09,PACF,12545
GTI,20250717 04:09:28.467000,130885,2,836223,0.09,PACF,12545
GTI,20250717 04:09:28.467000,130884,36,836221,0.09,PACF,12545
GTI,20250717 04:09:28.467000,130887,5512,842035,0.09,PACF,12545
GTI,20250717 04:09:28.792000,130940,7,842042,0.09,PACF,12545
GTI,20250717 04:09:29.622000,131035,100,842142,0.09,PACF,12545
GTI,20250717 04:09:29.683000,131043,120,842262,0.09,BATS,12545
GTI,20250717 04:09:29.872000,131057,1,842263,0.09,PACF,12545
GTI,20250717 04:09:32.964000,131554,40,842303,0.09,EDGX,12545
GTI,20250717 04:09:33.223000,131583,1,842304,0.09,PACF,12545
GTI,20250717 04:09:33.654000,131647,60,842364,0.09,EDGX,12545
GTI,20250717 04:09:33.654000,131648,390,842754,0.09,BATS,12545
GTI,20250717 04:09:34.674000,131834,80,842834,0.09,PACF,12545
GTI,20250717 04:09:36.683000,132087,678,843512,0.09,PACF,12545
GTI,20250717 04:09:36.880000,132107,25,843537,0.09,BATS,12545
GTI,20250717 04:09:39.029000,132477,2175,846677,0.09,PACF,12545
GTI,20250717 04:09:39.029000,132476,965,844502,0.09,BATS,12545
GTI,20250717 04:09:40.240000,132688,1048,847725,0.09,PACF,12545
GTI,20250717 04:09:41.549000,132915,300,848025,0.09,BATS,12545
GTI,20250717 04:09:44.451000,133400,2718,851123,0.09,PACF,12545
GTI,20250717 04:09:44.451000,133398,10,848404,0.09,PACF,12545
GTI,20250717 04:09:44.451000,133397,369,848394,0.09,PACF,12545
GTI,20250717 04:09:44.451000,133399,1,848405,0.09,PACF,12545
GTI,20250717 04:09:46.478000,133804,382,851505,0.09,PACF,12545
GTI,20250717 04:09:46.478000,133805,1618,853123,0.09,PACF,12545
GTI,20250717 04:09:48.268000,134163,9,853132,0.09,PACF,12545
GTI,20250717 04:09:49.111000,134366,141,853273,0.09,EDGX,12545
GTI,20250717 04:09:50.583000,134607,100,853373,0.09,PACF,12545
GTI,20250717 04:09:51.381000,134679,1400,854773,0.09,PACF,12545
GTI,20250717 04:09:54.259000,135275,2,854775,0.09,EDGX,12545
GTI,20250717 04:09:54.837000,135345,78,854853,0.09,PACF,12545
GTI,20250717 04:09:57.155000,135691,1000,855853,0.09,EDGX,12545
GTI,20250717 04:09:57.211000,135696,1882,857803,0.09,PACF,12545
GTI,20250717 04:09:57.211000,135695,68,855921,0.09,PACF,12545
GTI,20250717 04:09:57.731000,135811,1,857904,0.09,EDGX,12545
GTI,20250717 04:09:57.731000,135810,100,857903,0.09,EDGX,12545
GTI,20250717 04:09:57.731000,135812,5313,863217,0.09,EDGX,12545
GTI,20250717 04:09:57.732000,135814,6676,869915,0.09,PACF,12545
GTI,20250717 04:09:57.732000,135813,22,863239,0.09,PACF,12545
GTI,20250717 04:09:57.732000,135815,412,870327,0.09,PACF,12545
GTI,20250717 04:09:58.566000,135968,504,870831,0.09,PACF,12545
GTI,20250717 04:10:00.749000,136295,11,870842,0.09,PACF,12545
GTI,20250717 04:10:00.749000,136296,162,871004,0.09,NQEX,12545
GTI,20250717 04:10:01.722000,136438,50,871054,0.09,PACF,12545
GTI,20250717 04:10:04.987000,136919,50,871104,0.09,PACF,12545
GTI,20250717 04:10:04.987000,136920,299,871403,0.09,PACF,12545
GTI,20250717 04:10:04.987000,136921,1,871404,0.09,PACF,12545
GTI,20250717 04:10:04.987000,136922,31,871435,0.09,PACF,12545
GTI,20250717 04:10:05.307000,136967,738,872173,0.09,NQEX,12545
GTI,20250717 04:10:05.544000,136977,408,872581,0.09,PACF,12545
GTI,20250717 04:10:06.467000,137199,195,872876,0.09,PACF,12545
GTI,20250717 04:10:06.467000,137198,100,872681,0.09,PACF,12545
GTI,20250717 04:10:09.456000,137697,1,872877,0.09,PACF,12545
GTI,20250717 04:10:10.836000,137880,100,874076,0.09,PACF,12545
GTI,20250717 04:10:10.836000,137882,1949,885628,0.09,PACF,12545
GTI,20250717 04:10:10.836000,137881,9603,883679,0.09,PACF,12545
GTI,20250717 04:10:10.836000,137879,99,873976,0.09,PACF,12545
GTI,20250717 04:10:10.836000,137878,1000,873877,0.09,PACF,12545
GTI,20250717 04:10:11.188000,137919,18,885646,0.09,PACF,12545
GTI,20250717 04:10:13.404000,138133,118,885764,0.09,PACF,12545
GTI,20250717 04:10:15.000000,138473,100,885864,0.09,NQEX,12545
GTI,20250717 04:10:15.001000,138474,443,886307,0.09,PACF,12545
GTI,20250717 04:10:15.001000,138475,140,886447,0.09,PACF,12545
GTI,20250717 04:10:15.001000,138476,2,886449,0.09,PACF,12545
GTI,20250717 04:10:15.001000,138477,1,886450,0.09,PACF,12545
GTI,20250717 04:10:15.001000,138478,307,886757,0.09,PACF,12545
GTI,20250717 04:10:15.792000,138578,1,886758,0.09,PACF,12545
GTI,20250717 04:10:18.041000,138819,158,886916,0.09,PACF,12545
GTI,20250717 04:10:18.657000,138881,62,886978,0.09,PACF,12545
GTI,20250717 04:10:20.027000,139056,472,887450,0.09,PACF,12545
GTI,20250717 04:10:20.829000,139174,1,887451,0.09,NQEX,12545
GTI,20250717 04:10:23.499000,139630,1200,888651,0.09,PACF,12545
GTI,20250717 04:10:27.726000,140262,404,889055,0.09,NQEX,12545
GTI,20250717 04:10:29.825000,140682,1,889056,0.09,PACF,12545
GTI,20250717 04:10:31.289000,140941,1,889057,0.09,PACF,12545
GTI,20250717 04:10:31.366000,140960,5500,894557,0.09,NQEX,12545
GTI,20250717 04:10:31.570000,141015,2,894559,0.09,PACF,12545
GTI,20250717 04:10:32.211000,141118,2419,907487,0.09,MEMX,12545
GTI,20250717 04:10:32.211000,141117,1588,905068,0.09,MEMX,12545
GTI,20250717 04:10:32.211000,141116,2200,903480,0.09,MEMX,12545
GTI,20250717 04:10:32.211000,141110,1000,901036,0.09,PACF,12545
GTI,20250717 04:10:32.211000,141115,100,901280,0.09,PACF,12545
GTI,20250717 04:10:32.211000,141106,1500,898256,0.09,PACF,12545
GTI,20250717 04:10:32.211000,141112,50,901112,0.09,PACF,12545
GTI,20250717 04:10:32.211000,141113,65,901177,0.09,PACF,12545
GTI,20250717 04:10:32.211000,141114,3,901180,0.09,PACF,12545
GTI,20250717 04:10:32.211000,141105,2197,896756,0.09,PACF,12545
GTI,20250717 04:10:32.211000,141108,91,900035,0.09,PACF,12545
GTI,20250717 04:10:32.211000,141111,26,901062,0.09,PACF,12545
GTI,20250717 04:10:32.211000,141109,1,900036,0.09,PACF,12545
GTI,20250717 04:10:32.211000,141107,1688,899944,0.09,PACF,12545
GTI,20250717 04:10:35.008000,141480,90,907577,0.09,MEMX,12545
GTI,20250717 04:10:35.921000,141645,1,907578,0.09,MEMX,12545
GTI,20250717 04:10:37.303000,141784,175,907754,0.09,MEMX,12545
GTI,20250717 04:10:37.303000,141783,1,907579,0.09,PACF,12545
GTI,20250717 04:10:37.858000,141869,4629,912406,0.09,EDGX,12545
GTI,20250717 04:10:37.858000,141868,23,907777,0.09,EDGX,12545
GTI,20250717 04:10:38.951000,141996,13,912419,0.09,PACF,12545
GTI,20250717 04:10:38.952000,141998,331,912750,0.09,MEMX,12545
GTI,20250717 04:10:45.800000,142909,1160,913910,0.09,PACF,12545
GTI,20250717 04:10:47.120000,143228,1,913911,0.09,PACF,12545
GTI,20250717 04:10:49.705000,143573,5,913916,0.09,PACF,12545
GTI,20250717 04:10:50.197000,143683,1700,915616,0.09,PACF,12545
GTI,20250717 04:10:51.551000,143926,1,915617,0.09,PACF,12545
GTI,20250717 04:10:51.794000,143971,530,916147,0.09,PACF,12545
GTI,20250717 04:10:51.794000,143972,544,916691,0.09,PACF,12545
GTI,20250717 04:10:52.068000,144038,338,917029,0.09,PACF,12545
GTI,20250717 04:10:52.077000,144040,133,917229,0.09,PACF,12545
GTI,20250717 04:10:52.077000,144039,67,917096,0.09,PACF,12545
GTI,20250717 04:10:52.079000,144041,24,917253,0.09,PACF,12545
GTI,20250717 04:10:53.535000,144250,175,917471,0.09,PACF,12545
GTI,20250717 04:10:53.535000,144249,43,917296,0.09,PACF,12545
GTI,20250717 04:10:53.535000,144251,102,917573,0.09,PACF,12545
GTI,20250717 04:10:53.535000,144252,46,917619,0.09,PACF,12545
GTI,20250717 04:10:53.536000,144253,3,917622,0.09,EDGX,12545
GTI,20250717 04:10:53.536000,144254,751,918373,0.09,EDGX,12545
GTI,20250717 04:10:59.455000,145214,1,918374,0.09,PACF,12545
GTI,20250717 04:11:01.522000,145483,1,918375,0.09,PACF,12545
GTI,20250717 04:11:02.002000,145659,100,918475,0.09,NQEX,12545
GTI,20250717 04:11:02.003000,145660,91,918566,0.09,PACF,12545
GTI,20250717 04:11:03.202000,145852,100,918666,0.09,PACF,12545
GTI,20250717 04:11:03.202000,145853,11551,930217,0.09,PACF,12545
GTI,20250717 04:11:06.799000,146542,58,930875,0.09,PACF,12545
GTI,20250717 04:11:06.799000,146541,500,930817,0.09,PACF,12545
GTI,20250717 04:11:06.799000,146543,285,931160,0.09,PACF,12545
GTI,20250717 04:11:06.799000,146540,100,930317,0.09,PACF,12545
GTI,20250717 04:11:12.554000,147770,1561,933522,0.09,PACF,12545
GTI,20250717 04:11:12.554000,147768,1,931661,0.09,PACF,12545
GTI,20250717 04:11:12.554000,147771,638,934160,0.09,PACF,12545
GTI,20250717 04:11:12.554000,147769,300,931961,0.09,PACF,12545
GTI,20250717 04:11:12.554000,147767,500,931660,0.09,PACF,12545
GTI,20250717 04:11:13.579000,147996,270,934430,0.09,PACF,12545
GTI,20250717 04:11:13.703000,148026,230,934660,0.09,PACF,12545
GTI,20250717 04:11:13.703000,148027,770,935430,0.09,PACF,12545
GTI,20250717 04:11:21.529000,149592,20,935450,0.09,PACF,12545
GTI,20250717 04:11:24.243000,149982,37,935487,0.09,PACF,12545
GTI,20250717 04:11:36.598000,151964,200,935687,0.09,PACF,12545
GTI,20250717 04:11:36.598000,151965,1000,936687,0.09,PACF,12545
GTI,20250717 04:11:36.598000,151967,1762,938450,0.09,PACF,12545
GTI,20250717 04:11:36.598000,151966,1,936688,0.09,PACF,12545
GTI,20250717 04:11:39.294000,152614,250,938700,0.09,PACF,12545
GTI,20250717 04:11:39.294000,152615,41,938741,0.09,BATS,12545
GTI,20250717 04:11:39.294000,152616,10,938751,0.09,BATS,12545
GTI,20250717 04:11:39.294000,152618,376,940327,0.09,BATS,12545
GTI,20250717 04:11:39.294000,152617,1200,939951,0.09,BATS,12545
GTI,20250717 04:11:39.295000,152619,1550,941877,0.09,PACF,12545
GTI,20250717 04:11:39.295000,152620,3099,944976,0.09,BATS,12545
GTI,20250717 04:11:41.072000,152857,50,945026,0.09,EDGX,12545
GTI,20250717 04:11:41.617000,152985,100,945126,0.09,PACF,12545
GTI,20250717 04:11:42.440000,153100,2200,947326,0.09,PACF,12545
GTI,20250717 04:11:42.440000,153101,8986,956312,0.1,PACF,12545
GTI,20250717 04:11:46.253000,153742,1,956313,0.09,PACF,12545
GTI,20250717 04:11:48.890000,154062,6,956319,0.09,PACF,12545
GTI,20250717 04:11:51.071000,154434,900,957219,0.09,EDGX,12545
GTI,20250717 04:11:52.571000,154753,90,957309,0.09,PACF,12545
GTI,20250717 04:11:53.463000,154883,1,957310,0.09,PACF,12545
GTI,20250717 04:11:53.973000,155023,62,957372,0.09,PACF,12545
GTI,20250717 04:11:59.972000,155951,930,958302,0.09,EDGX,12545
GTI,20250717 04:12:03.375000,156501,1000,959302,0.09,PACF,12545
GTI,20250717 04:12:03.375000,156502,9120,968422,0.09,PACF,12545
GTI,20250717 04:12:08.860000,157574,33,968455,0.09,PACF,12545
GTI,20250717 04:12:09.531000,157706,369,968824,0.09,BATS,12545
GTI,20250717 04:12:11.310000,157989,1100,969924,0.09,EDGX,12545
GTI,20250717 04:12:12.003000,158086,1233,971157,0.09,PACF,12545
GTI,20250717 04:12:13.060000,158292,11,971769,0.09,EDGX,12545
GTI,20250717 04:12:13.060000,158291,601,971758,0.09,EDGX,12545
GTI,20250717 04:12:15.851000,158790,131,971900,0.09,PACF,12545
GTI,20250717 04:12:17.309000,159093,5583,977483,0.09,PACF,12545
GTI,20250717 04:12:17.309000,159094,2142,979625,0.09,PACF,12545
GTI,20250717 04:12:19.603000,159443,1930,981555,0.09,PACF,12545
GTI,20250717 04:12:19.603000,159444,370,981925,0.09,PACF,12545
GTI,20250717 04:12:19.603000,159445,1930,983855,0.09,PACF,12545
GTI,20250717 04:12:19.603000,159446,300,984155,0.09,PACF,12545
GTI,20250717 04:12:20.614000,159524,500,984655,0.09,PACF,12545
GTI,20250717 04:12:20.616000,159525,500,985155,0.09,PACF,12545
GTI,20250717 04:12:20.625000,159528,500,985655,0.09,PACF,12545
GTI,20250717 04:12:20.629000,159529,500,986155,0.09,PACF,12545
GTI,20250717 04:12:20.631000,159530,500,986655,0.09,PACF,12545
GTI,20250717 04:12:20.638000,159532,500,987155,0.09,PACF,12545
GTI,20250717 04:12:20.642000,159534,500,987655,0.09,PACF,12545
GTI,20250717 04:12:20.644000,159535,500,988155,0.09,PACF,12545
GTI,20250717 04:12:20.650000,159536,500,988655,0.09,PACF,12545
GTI,20250717 04:12:20.653000,159539,1500,992155,0.09,PACF,12545
GTI,20250717 04:12:20.653000,159538,1500,990655,0.09,PACF,12545
GTI,20250717 04:12:20.653000,159537,500,989155,0.09,PACF,12545
GTI,20250717 04:12:20.655000,159540,200,992355,0.09,PACF,12545
GTI,20250717 04:12:20.656000,159541,70,992425,0.09,PACF,12545
GTI,20250717 04:12:25.283000,160444,1,992426,0.09,PACF,12545
GTI,20250717 04:12:25.907000,160499,100,992526,0.09,EDGX,12545
GTI,20250717 04:12:25.907000,160502,5324,1001079,0.09,PACF,12545
GTI,20250717 04:12:25.907000,160501,500,995755,0.09,PACF,12545
GTI,20250717 04:12:25.907000,160500,2729,995255,0.09,PACF,12545
GTI,20250717 04:12:27.155000,160706,500,1001579,0.09,PACF,12545
GTI,20250717 04:12:27.158000,160707,500,1002079,0.09,PACF,12545
GTI,20250717 04:12:27.162000,160708,500,1002579,0.09,PACF,12545
GTI,20250717 04:12:27.166000,160709,500,1003079,0.09,PACF,12545
GTI,20250717 04:12:27.169000,160710,500,1003579,0.09,PACF,12545
GTI,20250717 04:12:27.533000,160754,1,1003580,0.09,PACF,12545
GTI,20250717 04:12:31.573000,161426,135,1004214,0.09,PACF,12545
GTI,20250717 04:12:31.573000,161425,499,1004079,0.09,PACF,12545
GTI,20250717 04:12:33.437000,161770,400,1005014,0.09,PACF,12545
GTI,20250717 04:12:33.437000,161769,400,1004614,0.09,EDGX,12545
GTI,20250717 04:12:33.438000,161771,200,1005214,0.09,PACF,12545
GTI,20250717 04:12:34.079000,161846,10,1005224,0.09,PACF,12545
GTI,20250717 04:12:37.463000,162326,1000,1006224,0.09,PACF,12545
GTI,20250717 04:12:40.605000,162792,18,1006242,0.09,NQEX,12545
GTI,20250717 04:12:44.357000,163399,1,1006243,0.09,PACF,12545
GTI,20250717 04:12:47.113000,163853,8,1006251,0.09,PACF,12545
GTI,20250717 04:12:56.707000,165667,58,1006309,0.09,EDGX,12545
GTI,20250717 04:13:01.581000,166395,607,1006916,0.09,EDGX,12545
GTI,20250717 04:13:08.765000,167488,1108,1008024,0.09,EDGX,12545
GTI,20250717 04:13:13.303000,168225,797,1008821,0.09,EDGX,12545
GTI,20250717 04:13:13.610000,168247,388,1009209,0.09,EDGX,12545
GTI,20250717 04:13:13.611000,168248,1612,1010821,0.09,PACF,12545
GTI,20250717 04:13:14.323000,168308,1388,1012209,0.09,PACF,12545
GTI,20250717 04:13:14.323000,168309,92,1012301,0.09,PACF,12545
GTI,20250717 04:13:14.323000,168310,5775,1018076,0.09,PACF,12545
GTI,20250717 04:13:17.598000,168620,3000,1021076,0.09,PACF,12545
GTI,20250717 04:13:20.476000,169223,3,1021079,0.09,PACF,12545
GTI,20250717 04:13:24.421000,169847,1100,1022179,0.09,EDGX,12545
GTI,20250717 04:13:24.421000,169848,1100,1023279,0.09,NQEX,12545
GTI,20250717 04:13:24.422000,169849,1100,1024379,0.09,PACF,12545
GTI,20250717 04:13:24.422000,169850,1100,1025479,0.09,PACF,12545
GTI,20250717 04:13:24.423000,169852,1100,1027679,0.09,EDGX,12545
GTI,20250717 04:13:24.423000,169851,1100,1026579,0.09,EDGX,12545
GTI,20250717 04:13:26.436000,170201,1,1027680,0.09,PACF,12545
GTI,20250717 04:13:28.711000,170516,4,1027684,0.09,PACF,12545
GTI,20250717 04:13:31.948000,170974,1100,1028784,0.09,NQEX,12545
GTI,20250717 04:13:31.949000,170975,1100,1029884,0.09,EDGX,12545
GTI,20250717 04:13:31.950000,170977,1600,1032084,0.09,EDGX,12545
GTI,20250717 04:13:31.950000,170976,600,1030484,0.09,EDGX,12545
GTI,20250717 04:13:34.722000,171463,200,1032284,0.09,EDGX,12545
GTI,20250717 04:13:34.731000,171465,200,1032484,0.09,EDGX,12545
GTI,20250717 04:13:34.733000,171466,2,1032486,0.09,EDGX,12545
GTI,20250717 04:13:35.014000,171485,1398,1033884,0.09,EDGX,12545
GTI,20250717 04:13:38.075000,172135,200,1034084,0.09,PACF,12545
GTI,20250717 04:13:45.353000,173032,1000,1035497,0.09,PACF,12545
GTI,20250717 04:13:45.353000,173033,8587,1044084,0.09,PACF,12545
GTI,20250717 04:13:45.353000,173029,402,1034486,0.09,PACF,12545
GTI,20250717 04:13:45.353000,173030,1,1034487,0.09,PACF,12545
GTI,20250717 04:13:45.353000,173031,10,1034497,0.09,PACF,12545
GTI,20250717 04:13:59.356000,174876,100,1044184,0.09,PACF,12545
GTI,20250717 04:14:03.650000,175351,11391,1055575,0.1,PACF,12545
GTI,20250717 04:14:14.743000,176735,4,1055579,0.1,PACF,12545
GTI,20250717 04:14:23.096000,177782,77,1056756,0.09,PACF,12545
GTI,20250717 04:14:23.096000,177790,20,1058816,0.09,PACF,12545
GTI,20250717 04:14:23.096000,177783,1388,1058144,0.09,PACF,12545
GTI,20250717 04:14:23.096000,177784,50,1058194,0.09,PACF,12545
GTI,20250717 04:14:23.096000,177785,500,1058694,0.09,PACF,12545
GTI,20250717 04:14:23.096000,177789,25,1058796,0.09,PACF,12545
GTI,20250717 04:14:23.096000,177786,1,1058695,0.09,PACF,12545
GTI,20250717 04:14:23.096000,177791,763,1059579,0.09,MEMX,12545
GTI,20250717 04:14:23.096000,177781,1000,1056679,0.09,PACF,12545
GTI,20250717 04:14:23.096000,177780,100,1055679,0.09,PACF,12545
GTI,20250717 04:14:23.096000,177787,26,1058721,0.09,PACF,12545
GTI,20250717 04:14:23.096000,177788,50,1058771,0.09,PACF,12545
GTI,20250717 04:14:31.375000,178675,111,1059690,0.1,PACF,12545
GTI,20250717 04:14:34.976000,179166,2200,1061890,0.09,EDGX,12545
GTI,20250717 04:14:34.977000,179167,1000,1062890,0.09,MEMX,12545
GTI,20250717 04:14:34.977000,179168,1418,1064308,0.09,EDGX,12545
GTI,20250717 04:14:37.209000,179478,782,1065090,0.09,EDGX,12545
GTI,20250717 04:14:37.210000,179480,18,1065308,0.09,PACF,12545
GTI,20250717 04:14:37.210000,179479,200,1065290,0.09,PACF,12545
GTI,20250717 04:14:41.450000,179906,32,1065340,0.09,PACF,12545
GTI,20250717 04:14:41.450000,179908,469,1065812,0.09,EDGX,12545
GTI,20250717 04:14:41.450000,179907,3,1065343,0.09,PACF,12545
GTI,20250717 04:14:43.172000,180105,260,1066072,0.09,PACF,12545
GTI,20250717 04:14:45.756000,180486,177,1066249,0.09,PACF,12545
GTI,20250717 04:14:47.374000,180628,140,1067989,0.09,PACF,12545
GTI,20250717 04:14:47.374000,180627,1600,1067849,0.09,PACF,12545
GTI,20250717 04:14:47.374000,180629,635,1068624,0.09,PACF,12545
GTI,20250717 04:14:47.848000,180698,5,1068629,0.09,EDGX,12545
GTI,20250717 04:14:47.849000,180699,77,1068706,0.09,PACF,12545
GTI,20250717 04:14:49.504000,180905,59,1068765,0.09,PACF,12545
GTI,20250717 04:14:50.909000,181072,300,1069065,0.09,NQEX,12545
GTI,20250717 04:14:53.188000,181385,100,1069859,0.09,EDGX,12545
GTI,20250717 04:14:53.188000,181386,100,1069959,0.09,PACF,12545
GTI,20250717 04:14:53.188000,181383,694,1069759,0.09,NQEX,12545
GTI,20250717 04:14:53.190000,181389,994,1070953,0.09,EDGX,12545
GTI,20250717 04:14:53.191000,181390,214,1071167,0.09,EDGX,12545
GTI,20250717 04:14:56.552000,181891,100,1071267,0.09,PACF,12545
GTI,20250717 04:14:56.552000,181892,578,1071845,0.09,EDGX,12545
GTI,20250717 04:14:57.402000,182160,128,1071973,0.09,EDGX,12545
GTI,20250717 04:15:04.484000,183309,2,1071975,0.09,EDGX,12545
GTI,20250717 04:15:05.868000,183679,1837,1073812,0.09,PACF,12545
GTI,20250717 04:15:05.873000,183680,3,1073815,0.09,PACF,12545
GTI,20250717 04:15:07.156000,184039,3160,1076975,0.09,PACF,12545
GTI,20250717 04:15:07.156000,184042,46,1079749,0.09,EDGX,12545
GTI,20250717 04:15:07.156000,184041,72,1079703,0.09,EDGX,12545
GTI,20250717 04:15:07.156000,184040,2656,1079631,0.09,PACF,12545
GTI,20250717 04:15:13.772000,184917,10,1079809,0.09,PACF,12545
GTI,20250717 04:15:13.772000,184918,4547,1084356,0.09,PACF,12545
GTI,20250717 04:15:13.772000,184916,50,1079799,0.09,PACF,12545
GTI,20250717 04:15:13.772000,184919,994,1085350,0.09,EDGX,12545
GTI,20250717 04:15:17.040000,185298,341,1085691,0.09,PACF,12545
GTI,20250717 04:15:17.084000,185307,504,1086195,0.09,PACF,12545
GTI,20250717 04:15:20.242000,185769,60,1086404,0.09,PACF,12545
GTI,20250717 04:15:20.242000,185768,149,1086344,0.09,PACF,12545
GTI,20250717 04:15:21.775000,185994,203,1086607,0.1,PACF,12545
GTI,20250717 04:15:24.717000,186483,6621,1093228,0.1,PACF,12545
GTI,20250717 04:15:24.806000,186499,97,1093325,0.09,NQEX,12545
GTI,20250717 04:15:24.807000,186500,3,1093328,0.09,PACF,12545
GTI,20250717 04:15:26.440000,186893,654,1094079,0.09,PACF,12545
GTI,20250717 04:15:26.440000,186894,200,1094279,0.09,PACF,12545
GTI,20250717 04:15:26.440000,186895,20,1094299,0.09,PACF,12545
GTI,20250717 04:15:26.440000,186892,97,1093425,0.09,EDGX,12545
GTI,20250717 04:15:26.442000,186897,200,1094699,0.09,BATS,12545
GTI,20250717 04:15:26.442000,186898,277,1094976,0.09,BATS,12545
GTI,20250717 04:15:26.442000,186896,200,1094499,0.09,BATS,12545
GTI,20250717 04:15:26.445000,186899,100,1095076,0.09,BATS,12545
GTI,20250717 04:15:27.996000,187240,100,1095176,0.09,BATS,12545
GTI,20250717 04:15:27.996000,187241,103,1095279,0.09,BATS,12545
GTI,20250717 04:15:29.970000,187620,30,1095309,0.09,BATS,12545
GTI,20250717 04:15:36.528000,188729,10,1095374,0.09,PACF,12545
GTI,20250717 04:15:36.528000,188727,10,1095354,0.09,PACF,12545
GTI,20250717 04:15:36.528000,188728,10,1095364,0.09,PACF,12545
GTI,20250717 04:15:36.528000,188730,10,1095384,0.09,PACF,12545
GTI,20250717 04:15:36.528000,188731,181,1095565,0.09,PACF,12545
GTI,20250717 04:15:36.528000,188726,35,1095344,0.09,PACF,12545
GTI,20250717 04:15:36.903000,188818,100,1095665,0.09,PACF,12545
GTI,20250717 04:15:37.516000,188948,5,1095670,0.09,PACF,12545
GTI,20250717 04:15:37.957000,189078,295,1095965,0.09,PACF,12545
GTI,20250717 04:15:37.958000,189079,1205,1097170,0.09,PACF,12545
GTI,20250717 04:15:37.958000,189080,100,1097270,0.09,PACF,12545
GTI,20250717 04:15:38.063000,189085,200,1097470,0.09,BATS,12545
GTI,20250717 04:15:40.206000,189461,50,1097520,0.09,BATS,12545
GTI,20250717 04:15:42.643000,190007,947,1100107,0.09,BATS,12545
GTI,20250717 04:15:42.643000,190006,200,1099160,0.09,BATS,12545
GTI,20250717 04:15:42.643000,190005,53,1098960,0.09,PACF,12545
GTI,20250717 04:15:42.643000,190004,1237,1098907,0.09,BATS,12545
GTI,20250717 04:15:42.643000,190003,150,1097670,0.09,BATS,12545
GTI,20250717 04:15:42.644000,190008,1500,1101607,0.09,PACF,12545
GTI,20250717 04:15:43.195000,190091,200,1101807,0.09,BATS,12545
GTI,20250717 04:15:43.195000,190092,875,1102682,0.09,BATS,12545
GTI,20250717 04:15:44.516000,190351,1,1102683,0.09,PACF,12545
GTI,20250717 04:15:49.521000,191048,1,1102684,0.09,PACF,12545
GTI,20250717 04:15:49.933000,191108,50,1102734,0.09,BATS,12545
GTI,20250717 04:15:52.774000,191482,150,1102884,0.09,BATS,12545
GTI,20250717 04:15:52.774000,191483,125,1103009,0.09,PACF,12545
GTI,20250717 04:15:52.774000,191484,160,1103169,0.09,PACF,12545
GTI,20250717 04:15:53.614000,191649,1,1103170,0.09,PACF,12545
GTI,20250717 04:15:56.660000,192309,200,1103370,0.09,BATS,12545
GTI,20250717 04:15:56.661000,192310,123,1103493,0.09,PACF,12545
GTI,20250717 04:15:56.661000,192312,6,1103649,0.09,PACF,12545
GTI,20250717 04:15:56.661000,192311,150,1103643,0.09,PACF,12545
GTI,20250717 04:15:57.239000,192418,500,1104149,0.09,PACF,12545
GTI,20250717 04:15:58.025000,192626,1,1104150,0.09,PACF,12545
GTI,20250717 04:16:00.627000,193059,50,1104200,0.09,PACF,12545
GTI,20250717 04:16:03.256000,193709,1,1104201,0.09,PACF,12545
GTI,20250717 04:16:03.287000,193710,40,1104241,0.09,BATS,12545
GTI,20250717 04:16:05.328000,194018,149,1104390,0.09,PACF,12545
GTI,20250717 04:16:05.598000,194109,1,1104391,0.09,PACF,12545
GTI,20250717 04:16:07.518000,194441,1,1104392,0.09,PACF,12545
GTI,20250717 04:16:07.804000,194460,30,1104422,0.09,PACF,12545
GTI,20250717 04:16:08.534000,194561,2,1104424,0.09,BATS,12545
GTI,20250717 04:16:09.388000,194726,1,1104425,0.09,PACF,12545
GTI,20250717 04:16:10.767000,194972,1,1104426,0.09,PACF,12545
GTI,20250717 04:16:11.107000,195073,12,1104438,0.09,PACF,12545
GTI,20250717 04:16:11.591000,195187,100,1104538,0.09,PACF,12545
GTI,20250717 04:16:11.594000,195188,27,1104565,0.09,PACF,12545
GTI,20250717 04:16:12.034000,195293,1,1104566,0.09,PACF,12545
GTI,20250717 04:16:12.687000,195487,50,1104616,0.09,PACF,12545
GTI,20250717 04:16:12.956000,195551,1,1104617,0.09,PACF,12545
GTI,20250717 04:16:13.782000,195699,1,1104618,0.09,PACF,12545
GTI,20250717 04:16:14.615000,195899,1,1104619,0.09,PACF,12545
GTI,20250717 04:16:15.273000,196004,1,1104620,0.09,PACF,12545
GTI,20250717 04:16:16.162000,196172,1,1104621,0.09,PACF,12545
GTI,20250717 04:16:17.157000,196351,500,1106886,0.09,PACF,12545
GTI,20250717 04:16:17.157000,196350,1765,1106386,0.09,PACF,12545
GTI,20250717 04:16:17.157000,196352,2200,1109086,0.09,BATS,12545
GTI,20250717 04:16:19.573000,196788,50,1109136,0.09,PACF,12545
GTI,20250717 04:16:19.587000,196789,1,1109137,0.09,EDGX,12545
GTI,20250717 04:16:23.295000,197294,450,1109587,0.09,PACF,12545
GTI,20250717 04:16:24.469000,197413,1,1109588,0.09,EDGX,12545
GTI,20250717 04:16:25.290000,197580,500,1110088,0.09,PACF,12545
GTI,20250717 04:16:28.502000,198111,86,1110174,0.09,PACF,12545
GTI,20250717 04:16:29.706000,198238,1,1110175,0.09,NQEX,12545
GTI,20250717 04:16:31.089000,198480,6,1110181,0.09,PACF,12545
GTI,20250717 04:16:32.626000,198752,10,1110219,0.09,EDGX,12545
GTI,20250717 04:16:32.626000,198753,10,1110229,0.09,EDGX,12545
GTI,20250717 04:16:32.626000,198751,10,1110209,0.09,EDGX,12545
GTI,20250717 04:16:32.626000,198749,8,1110189,0.09,EDGX,12545
GTI,20250717 04:16:32.626000,198750,10,1110199,0.09,EDGX,12545
GTI,20250717 04:16:32.626000,198755,79,1110318,0.09,NQEX,12545
GTI,20250717 04:16:32.626000,198754,10,1110239,0.09,EDGX,12545
GTI,20250717 04:16:37.017000,199352,100,1110418,0.09,EDGX,12545
GTI,20250717 04:16:39.142000,199638,3700,1119472,0.09,PACF,12545
GTI,20250717 04:16:39.142000,199632,72,1112428,0.09,PACF,12545
GTI,20250717 04:16:39.142000,199631,80,1112356,0.09,PACF,12545
GTI,20250717 04:16:39.142000,199629,408,1110826,0.09,PACF,12545
GTI,20250717 04:16:39.142000,199633,2565,1114993,0.09,PACF,12545
GTI,20250717 04:16:39.142000,199634,143,1115136,0.09,PACF,12545
GTI,20250717 04:16:39.142000,199635,63,1115199,0.09,PACF,12545
GTI,20250717 04:16:39.142000,199630,1450,1112276,0.09,PACF,12545
GTI,20250717 04:16:39.142000,199637,473,1115772,0.09,PACF,12545
GTI,20250717 04:16:39.142000,199640,158,1159945,0.09,BATS,12545
GTI,20250717 04:16:39.142000,199641,473,1160418,0.09,EDGX,12545
GTI,20250717 04:16:39.142000,199636,100,1115299,0.09,PACF,12545
GTI,20250717 04:16:40.081000,199771,214,1160632,0.09,EDGX,12545
GTI,20250717 04:16:41.832000,200037,1,1160633,0.09,BATS,12545
GTI,20250717 04:16:44.198000,200430,1986,1162619,0.09,EDGX,12545
GTI,20250717 04:16:44.198000,200431,6237,1168856,0.09,EDGX,12545
GTI,20250717 04:16:45.634000,200578,50,1168906,0.09,EDGX,12545
GTI,20250717 04:16:48.041000,200939,2755,1178667,0.09,BATS,12545
GTI,20250717 04:16:48.041000,200938,6849,1175912,0.09,BATS,12545
GTI,20250717 04:16:48.041000,200937,157,1169063,0.09,BATS,12545
GTI,20250717 04:16:54.634000,201918,379,1179046,0.09,EDGX,12545
GTI,20250717 04:16:57.757000,202492,50000,1229046,0.1,PACF,12545
GTI,20250717 04:16:57.758000,202495,4317,1233363,0.1,PACF,12545
GTI,20250717 04:16:57.876000,202514,1,1233364,0.09,EDGX,12545
GTI,20250717 04:16:58.005000,202536,1,1233365,0.1,PACF,12545
GTI,20250717 04:16:58.255000,202613,1150,1234515,0.09,EDGX,12545
GTI,20250717 04:16:59.426000,202724,50000,1284515,0.1,PACF,12545
GTI,20250717 04:16:59.439000,202725,39000,1323515,0.1,PACF,12545
GTI,20250717 04:16:59.523000,202734,500,1324015,0.09,PACF,12545
GTI,20250717 04:16:59.523000,202740,2891,1329566,0.09,EDGX,12545
GTI,20250717 04:16:59.523000,202738,100,1326075,0.09,PACF,12545
GTI,20250717 04:16:59.523000,202739,600,1326675,0.09,PACF,12545
GTI,20250717 04:16:59.523000,202737,910,1325975,0.09,PACF,12545
GTI,20250717 04:16:59.523000,202736,50,1325065,0.09,PACF,12545
GTI,20250717 04:16:59.523000,202735,1000,1325015,0.09,PACF,12545
GTI,20250717 04:17:02.395000,203230,10000,1345066,0.09,EDGX,12545
GTI,20250717 04:17:02.395000,203229,5500,1335066,0.09,EDGX,12545
GTI,20250717 04:17:02.395000,203231,17252,1362318,0.09,EDGX,12545
GTI,20250717 04:17:05.055000,203854,500,1362818,0.09,PACF,12545
GTI,20250717 04:17:05.055000,203855,49500,1412318,0.1,PACF,12545
GTI,20250717 04:17:06.321000,204134,3588,1415906,0.09,EDGX,12545
GTI,20250717 04:17:06.562000,204168,10300,1426206,0.1,PACF,12545
GTI,20250717 04:17:07.167000,204333,9900,1436106,0.1,PACF,12545
GTI,20250717 04:17:07.315000,204383,17,1460474,0.1,PACF,12545
GTI,20250717 04:17:07.315000,204382,24351,1460457,0.1,PACF,12545
GTI,20250717 04:17:08.753000,204678,177,1460651,0.1,EDGX,12545
GTI,20250717 04:17:19.665000,207239,2683,1463334,0.1,PACF,12545
GTI,20250717 04:17:21.036000,207407,2,1463336,0.1,EDGX,12545
GTI,20250717 04:17:23.395000,207834,981,1464317,0.1,PACF,12545
GTI,20250717 04:17:23.770000,207877,5,1464322,0.1,EDGX,12545
GTI,20250717 04:17:28.110000,208501,100,1464422,0.1,EDGX,12545
GTI,20250717 04:17:30.706000,208844,199,1465122,0.1,EDGX,12545
GTI,20250717 04:17:30.706000,208842,500,1464922,0.1,PACF,12545
GTI,20250717 04:17:30.706000,208843,1,1464923,0.1,PACF,12545
GTI,20250717 04:17:31.900000,208960,10,1465132,0.1,EDGX,12545
GTI,20250717 04:17:36.440000,209932,1000,1466132,0.1,EDGX,12545
GTI,20250717 04:17:37.688000,210166,51,1466183,0.1,EDGX,12545
GTI,20250717 04:17:38.032000,210193,3261,1469444,0.1,EDGX,12545
GTI,20250717 04:17:39.943000,210564,550,1469994,0.1,EDGX,12545
GTI,20250717 04:17:47.751000,211494,2789,1472783,0.1,PACF,12545
GTI,20250717 04:17:49.190000,211640,1945,1474728,0.1,EDGX,12545
GTI,20250717 04:17:51.354000,211912,3000,1477728,0.1,EDGX,12545
GTI,20250717 04:17:51.354000,211913,2602,1480330,0.1,EDGX,12545
GTI,20250717 04:17:57.615000,212999,1,1480331,0.1,PACF,12545
GTI,20250717 04:18:00.474000,213464,50,1480381,0.1,EDGX,12545
GTI,20250717 04:18:12.208000,215078,25,1480406,0.1,EDGX,12545
GTI,20250717 04:18:12.969000,215189,175,1480581,0.1,PACF,12545
GTI,20250717 04:18:14.446000,215506,50,1480631,0.1,EDGX,12545
GTI,20250717 04:18:21.057000,216629,200,1480831,0.1,NQEX,12545
GTI,20250717 04:18:21.060000,216630,200,1481031,0.1,NQEX,12545
GTI,20250717 04:18:21.066000,216631,200,1481231,0.1,NQEX,12545
GTI,20250717 04:18:21.069000,216632,200,1481431,0.1,NQEX,12545
GTI,20250717 04:18:21.074000,216633,200,1481631,0.1,NQEX,12545
GTI,20250717 04:18:21.078000,216634,200,1481831,0.1,NQEX,12545
GTI,20250717 04:18:21.081000,216635,60,1481891,0.1,PACF,12545
GTI,20250717 04:18:25.140000,217187,500,1486156,0.1,PACF,12545
GTI,20250717 04:18:25.140000,217197,10,1503155,0.09,PACF,12545
GTI,20250717 04:18:25.140000,217189,1073,1493229,0.09,PACF,12545
GTI,20250717 04:18:25.140000,217190,7377,1500606,0.09,PACF,12545
GTI,20250717 04:18:25.140000,217202,1235,1507135,0.1,EDGX,12545
GTI,20250717 04:18:25.140000,217188,6000,1492156,0.09,PACF,12545
GTI,20250717 04:18:25.140000,217201,200,1505900,0.1,NQEX,12545
GTI,20250717 04:18:25.140000,217200,2530,1505700,0.09,PACF,12545
GTI,20250717 04:18:25.140000,217196,2000,1503145,0.09,PACF,12545
GTI,20250717 04:18:25.140000,217195,428,1501145,0.09,PACF,12545
GTI,20250717 04:18:25.140000,217194,50,1500717,0.09,PACF,12545
GTI,20250717 04:18:25.140000,217192,50,1500666,0.09,PACF,12545
GTI,20250717 04:18:25.140000,217193,1,1500667,0.09,PACF,12545
GTI,20250717 04:18:25.140000,217191,10,1500616,0.09,PACF,12545
GTI,20250717 04:18:25.140000,217186,3765,1485656,0.1,PACF,12545
GTI,20250717 04:18:25.140000,217199,10,1503170,0.09,PACF,12545
GTI,20250717 04:18:25.140000,217198,5,1503160,0.09,PACF,12545
GTI,20250717 04:18:30.055000,217909,143,1507278,0.1,EDGX,12545
GTI,20250717 04:18:33.035000,218484,1272,1508550,0.1,EDGX,12545
GTI,20250717 04:18:39.224000,219244,2,1508552,0.1,PACF,12545
GTI,20250717 04:18:54.387000,221254,88,1508640,0.1,PACF,12545
GTI,20250717 04:19:03.386000,222568,1607,1510247,0.1,PACF,12545
GTI,20250717 04:19:28.788000,226272,228,1510475,0.1,EDGX,12545
GTI,20250717 04:19:40.631000,227963,2720,1513195,0.1,NQEX,12545
GTI,20250717 04:19:42.076000,228121,1,1513196,0.1,NQEX,12545
GTI,20250717 04:19:49.351000,228985,1727,1514923,0.1,PACF,12545
GTI,20250717 04:19:54.147000,229516,1,1514924,0.1,EDGX,12545
GTI,20250717 04:20:00.680000,230540,1696,1516620,0.1,PACF,12545
GTI,20250717 04:20:07.801000,231698,28,1516670,0.1,NQEX,12545
GTI,20250717 04:20:07.801000,231697,22,1516642,0.1,PACF,12545
GTI,20250717 04:20:09.416000,232058,300,1516970,0.1,NQEX,12545
GTI,20250717 04:20:12.810000,232776,90,1517060,0.1,PACF,12545
GTI,20250717 04:20:16.104000,233185,174,1517234,0.1,PACF,12545
GTI,20250717 04:20:26.947000,234443,700,1517934,0.1,EDGX,12545
GTI,20250717 04:20:26.950000,234444,133,1518067,0.1,PACF,12545
GTI,20250717 04:20:29.754000,234805,100,1518167,0.1,EDGX,12545
GTI,20250717 04:20:38.993000,236120,36,1518203,0.1,PACF,12545
GTI,20250717 04:20:38.994000,236122,813,1519116,0.1,MEMX,12545
GTI,20250717 04:20:38.994000,236121,100,1518303,0.1,MEMX,12545
GTI,20250717 04:20:41.092000,236408,623,1519774,0.1,MEMX,12545
GTI,20250717 04:20:41.092000,236407,35,1519151,0.1,PACF,12545
GTI,20250717 04:20:43.717000,236876,929,1520703,0.1,PACF,12545
GTI,20250717 04:20:43.721000,236878,53,1520756,0.1,MEMX,12545
GTI,20250717 04:20:46.046000,237235,1,1520757,0.1,MEMX,12545
GTI,20250717 04:20:47.667000,237443,436,1521193,0.1,MEMX,12545
GTI,20250717 04:20:50.135000,237848,1,1521194,0.1,MEMX,12545
GTI,20250717 04:20:54.069000,238505,1,1521195,0.1,MEMX,12545
GTI,20250717 04:20:55.925000,238843,559,1521754,0.1,PACF,12545
GTI,20250717 04:21:00.184000,239667,1,1521755,0.1,MEMX,12545
GTI,20250717 04:21:00.400000,239723,342,1522097,0.1,MEMX,12545
GTI,20250717 04:21:03.998000,240480,100,1522197,0.1,PACF,12545
GTI,20250717 04:21:07.636000,241565,300,1522497,0.1,EDGX,12545
GTI,20250717 04:21:07.637000,241566,58,1522555,0.1,PACF,12545
GTI,20250717 04:21:07.637000,241567,192,1522747,0.1,PACF,12545
GTI,20250717 04:21:16.099000,243620,1000,1523747,0.1,PACF,12545
GTI,20250717 04:21:25.225000,246041,10643,1534390,0.1,EDGX,12545
GTI,20250717 04:21:25.226000,246044,2015,1537603,0.1,PACF,12545
GTI,20250717 04:21:25.226000,246042,1067,1535457,0.1,PACF,12545
GTI,20250717 04:21:25.226000,246043,131,1535588,0.1,PACF,12545
GTI,20250717 04:21:37.764000,248643,38,1537641,0.1,EDGX,12545
GTI,20250717 04:21:43.199000,249837,339,1537980,0.1,EDGX,12545
GTI,20250717 04:21:45.626000,250378,22,1538002,0.1,PACF,12545
GTI,20250717 04:21:47.556000,250839,126,1538128,0.1,PACF,12545
GTI,20250717 04:21:49.941000,251427,162,1538290,0.1,PACF,12545
GTI,20250717 04:21:52.325000,251781,30,1538320,0.1,PACF,12545
GTI,20250717 04:22:01.626000,253202,100,1538420,0.1,PACF,12545
GTI,20250717 04:22:01.638000,253205,600,1542194,0.1,MIAX,12545
GTI,20250717 04:22:01.638000,253204,2174,1541594,0.1,EDGX,12545
GTI,20250717 04:22:01.638000,253203,1000,1539420,0.1,MEMX,12545
GTI,20250717 04:22:01.638000,253206,1226,1543420,0.1,PACF,12545
GTI,20250717 04:22:02.634000,253411,131,1544226,0.1,PACF,12545
GTI,20250717 04:22:02.634000,253413,134,1544370,0.1,PACF,12545
GTI,20250717 04:22:02.634000,253414,1695,1546065,0.1,PACF,12545
GTI,20250717 04:22:02.634000,253415,400,1546465,0.1,PACF,12545
GTI,20250717 04:22:02.634000,253416,770,1547235,0.1,PACF,12545
GTI,20250717 04:22:02.634000,253417,85,1547320,0.1,PACF,12545
GTI,20250717 04:22:02.634000,253412,10,1544236,0.1,PACF,12545
GTI,20250717 04:22:02.634000,253410,675,1544095,0.1,PACF,12545
GTI,20250717 04:22:02.637000,253418,15,1547335,0.1,PACF,12545
GTI,20250717 04:22:02.639000,253419,23,1547358,0.1,PACF,12545
GTI,20250717 04:22:05.286000,253920,3413,1554280,0.1,EDGX,12545
GTI,20250717 04:22:05.286000,253919,980,1550867,0.1,NQEX,12545
GTI,20250717 04:22:05.286000,253918,250,1549887,0.1,NQEX,12545
GTI,20250717 04:22:05.286000,253924,1,1555065,0.1,PACF,12545
GTI,20250717 04:22:05.286000,253923,1,1555064,0.1,PACF,12545
GTI,20250717 04:22:05.286000,253922,100,1555063,0.1,PACF,12545
GTI,20250717 04:22:05.286000,253917,2279,1549637,0.1,NQEX,12545
GTI,20250717 04:22:05.286000,253921,683,1554963,0.1,PACF,12545
GTI,20250717 04:22:06.699000,254199,349,1555414,0.1,PACF,12545
GTI,20250717 04:22:08.637000,254930,400,1555814,0.1,PACF,12545
GTI,20250717 04:22:08.908000,255035,164,1555978,0.1,PACF,12545
GTI,20250717 04:22:08.908000,255037,2820,1558814,0.1,PACF,12545
GTI,20250717 04:22:08.908000,255036,16,1555994,0.1,PACF,12545
GTI,20250717 04:22:10.715000,255434,1,1558815,0.1,PACF,12545
GTI,20250717 04:22:10.716000,255435,1,1558816,0.1,PACF,12545
GTI,20250717 04:22:10.716000,255436,1,1558817,0.1,PACF,12545
GTI,20250717 04:22:10.717000,255438,354,1559671,0.1,PACF,12545
GTI,20250717 04:22:10.717000,255437,500,1559317,0.1,PACF,12545
GTI,20250717 04:22:10.717000,255439,415,1560086,0.1,PACF,12545
GTI,20250717 04:22:47.237000,265681,200,1560286,0.1,PACF,12545
GTI,20250717 04:22:47.237000,265682,800,1561086,0.1,PACF,12545
GTI,20250717 04:22:56.309000,267748,56,1561142,0.1,PACF,12545
GTI,20250717 04:23:00.414000,268493,4400,1565542,0.1,NQEX,12545
GTI,20250717 04:23:00.418000,268495,116,1566342,0.1,PACF,12545
GTI,20250717 04:23:00.418000,268494,684,1566226,0.1,PACF,12545
GTI,20250717 04:23:00.421000,268497,1,1566412,0.1,PACF,12545
GTI,20250717 04:23:00.421000,268496,69,1566411,0.1,PACF,12545
GTI,20250717 04:23:00.421000,268498,1,1566413,0.1,PACF,12545
GTI,20250717 04:23:12.674000,271059,119,1566532,0.1,PACF,12545
GTI,20250717 04:23:13.830000,271273,378,1566910,0.1,PACF,12545
GTI,20250717 04:23:13.830000,271275,100,1567110,0.1,PACF,12545
GTI,20250717 04:23:13.830000,271274,100,1567010,0.1,PACF,12545
GTI,20250717 04:23:15.411000,271512,2,1567141,0.1,EDGX,12545
GTI,20250717 04:23:15.411000,271513,3,1567144,0.1,EDGX,12545
GTI,20250717 04:23:15.411000,271511,29,1567139,0.1,EDGX,12545
GTI,20250717 04:23:16.033000,271668,1,1567146,0.1,EDGX,12545
GTI,20250717 04:23:16.033000,271667,1,1567145,0.1,EDGX,12545
GTI,20250717 04:23:17.558000,271954,122,1567268,0.1,EDGX,12545
GTI,20250717 04:23:35.922000,275959,1,1567269,0.1,NQEX,12545
GTI,20250717 04:23:39.301000,276654,1,1567270,0.1,NQEX,12545
GTI,20250717 04:23:40.463000,276847,77,1567347,0.1,NQEX,12545
GTI,20250717 04:23:40.464000,276848,23,1567370,0.1,PACF,12545
GTI,20250717 04:23:45.187000,277802,1,1567371,0.1,PACF,12545
GTI,20250717 04:23:48.236000,278308,266,1567637,0.1,PACF,12545
GTI,20250717 04:23:49.810000,278653,1,1567638,0.1,PACF,12545
GTI,20250717 04:23:50.906000,278820,1,1567639,0.1,PACF,12545
GTI,20250717 04:23:51.497000,278980,1,1567640,0.1,PACF,12545
GTI,20250717 04:23:52.290000,279092,1,1567641,0.1,PACF,12545
GTI,20250717 04:23:52.715000,279139,1,1567642,0.1,PACF,12545
GTI,20250717 04:23:53.512000,279269,1,1567643,0.1,PACF,12545
GTI,20250717 04:23:53.828000,279285,1,1567644,0.1,PACF,12545
GTI,20250717 04:23:54.426000,279335,1,1567645,0.1,PACF,12545
GTI,20250717 04:23:55.125000,279496,1,1567646,0.1,PACF,12545
GTI,20250717 04:23:55.570000,279619,1,1567647,0.1,PACF,12545
GTI,20250717 04:23:55.965000,279811,1,1567648,0.1,PACF,12545
GTI,20250717 04:23:57.224000,280319,20,1567668,0.1,PACF,12545
GTI,20250717 04:23:57.380000,280330,1,1567669,0.1,PACF,12545
GTI,20250717 04:24:07.066000,282241,1000,1568669,0.1,PACF,12545
GTI,20250717 04:24:07.131000,282255,1,1568670,0.1,PACF,12545
GTI,20250717 04:24:07.936000,282444,1,1568671,0.1,PACF,12545
GTI,20250717 04:24:08.643000,282505,1,1568672,0.1,PACF,12545
GTI,20250717 04:24:09.150000,282613,1,1568673,0.1,PACF,12545
GTI,20250717 04:24:09.650000,282781,1,1568674,0.1,PACF,12545
GTI,20250717 04:24:10.056000,282912,1,1568675,0.1,PACF,12545
GTI,20250717 04:24:10.500000,282991,1,1568676,0.1,PACF,12545
GTI,20250717 04:24:11.908000,283213,1,1568677,0.1,PACF,12545
GTI,20250717 04:24:13.238000,283440,1,1568678,0.1,PACF,12545
GTI,20250717 04:24:13.249000,283442,100,1568778,0.1,PACF,12545
GTI,20250717 04:24:13.675000,283498,1,1568779,0.1,PACF,12545
GTI,20250717 04:24:14.140000,283563,1,1568780,0.1,PACF,12545
GTI,20250717 04:24:14.427000,283596,1,1568781,0.1,PACF,12545
GTI,20250717 04:24:15.043000,283712,1,1568782,0.1,PACF,12545
GTI,20250717 04:24:20.455000,284622,8791,1579426,0.1,PACF,12545
GTI,20250717 04:24:20.455000,284620,33,1570480,0.1,PACF,12545
GTI,20250717 04:24:20.455000,284618,994,1569776,0.1,PACF,12545
GTI,20250717 04:24:20.455000,284619,671,1570447,0.1,PACF,12545
GTI,20250717 04:24:20.455000,284621,155,1570635,0.1,PACF,12545
GTI,20250717 04:24:23.695000,285195,88,1579514,0.1,PACF,12545
GTI,20250717 04:24:25.451000,285473,1,1579515,0.1,PACF,12545
GTI,20250717 04:24:25.875000,285513,1,1579516,0.1,PACF,12545
GTI,20250717 04:24:26.738000,285656,1,1579517,0.1,NQEX,12545
GTI,20250717 04:24:27.973000,285865,1,1579518,0.1,PACF,12545
GTI,20250717 04:24:31.563000,286375,177,1579695,0.1,NQEX,12545
GTI,20250717 04:24:38.729000,287596,1,1579696,0.1,EDGX,12545
GTI,20250717 04:24:42.333000,288194,1,1579697,0.1,PACF,12545
GTI,20250717 04:24:42.434000,288208,1,1579698,0.1,EDGX,12545
GTI,20250717 04:24:43.026000,288284,22,1581467,0.1,NQEX,12545
GTI,20250717 04:24:43.026000,288283,1747,1581445,0.1,EDGX,12545
GTI,20250717 04:24:43.027000,288285,231,1581698,0.1,PACF,12545
GTI,20250717 04:24:46.819000,289004,1,1581699,0.1,PACF,12545
GTI,20250717 04:24:48.851000,289222,1,1581700,0.1,NQEX,12545
GTI,20250717 04:24:52.290000,289874,1,1581701,0.1,NQEX,12545
GTI,20250717 04:24:53.853000,290174,1,1581702,0.1,NQEX,12545
GTI,20250717 04:24:55.451000,290375,1,1581703,0.1,NQEX,12545
GTI,20250717 04:24:58.470000,290815,268,1581971,0.1,NQEX,12545
GTI,20250717 04:24:59.605000,291030,68,1582039,0.1,PACF,12545
GTI,20250717 04:25:10.380000,293176,190,1582229,0.1,NQEX,12545
GTI,20250717 04:25:10.778000,293243,10624,1593477,0.1,PACF,12545
GTI,20250717 04:25:10.778000,293244,1749,1595226,0.1,EDGX,12545
GTI,20250717 04:25:10.778000,293242,86,1582853,0.1,PACF,12545
GTI,20250717 04:25:10.778000,293241,538,1582767,0.1,NQEX,12545
GTI,20250717 04:25:10.779000,293250,2978,1600652,0.1,PACF,12545
GTI,20250717 04:25:10.779000,293248,2000,1597654,0.1,PACF,12545
GTI,20250717 04:25:10.779000,293249,20,1597674,0.1,PACF,12545
GTI,20250717 04:25:10.779000,293245,100,1595326,0.1,NQEX,12545
GTI,20250717 04:25:10.779000,293247,200,1595654,0.1,PACF,12545
GTI,20250717 04:25:10.779000,293251,5,1600657,0.1,PACF,12545
GTI,20250717 04:25:10.779000,293246,128,1595454,0.1,PACF,12545
GTI,20250717 04:25:10.780000,293254,8121,1609679,0.1,PACF,12545
GTI,20250717 04:25:10.780000,293253,900,1601558,0.1,PACF,12545
GTI,20250717 04:25:10.780000,293252,1,1600658,0.1,PACF,12545
GTI,20250717 04:25:17.342000,294630,1383,1611062,0.1,EDGX,12545
GTI,20250717 04:25:17.943000,294703,10,1611072,0.1,PACF,12545
GTI,20250717 04:25:22.394000,295524,16,1611088,0.1,EDGX,12545
GTI,20250717 04:25:22.395000,295525,5234,1616322,0.1,EDGX,12545
GTI,20250717 04:25:22.395000,295526,2693,1619015,0.1,BATS,12545
GTI,20250717 04:25:35.470000,297384,90,1619105,0.1,PACF,12545
GTI,20250717 04:25:35.470000,297385,13,1619118,0.1,EDGX,12545
GTI,20250717 04:25:46.644000,298946,116,1619234,0.1,EDGX,12545
GTI,20250717 04:25:52.769000,299664,135,1619369,0.1,PACF,12545
GTI,20250717 04:25:59.273000,300991,2,1619371,0.1,PACF,12545
GTI,20250717 04:26:01.738000,301482,791,1621932,0.1,NQEX,12545
GTI,20250717 04:26:01.738000,301480,1270,1620641,0.1,EDGX,12545
GTI,20250717 04:26:01.738000,301481,500,1621141,0.1,PACF,12545
GTI,20250717 04:26:01.962000,301508,100,1622032,0.1,PACF,12545
GTI,20250717 04:26:05.388000,302116,1399,1623431,0.1,EDGX,12545
GTI,20250717 04:26:05.388000,302117,1300,1624731,0.1,NQEX,12545
GTI,20250717 04:26:05.389000,302118,831,1625562,0.1,PACF,12545
GTI,20250717 04:26:09.456000,302719,20,1625582,0.1,EDGX,12545
GTI,20250717 04:26:20.895000,304856,692,1626274,0.1,EDGX,12545
GTI,20250717 04:26:23.523000,305214,280,1626554,0.1,EDGX,12545
GTI,20250717 04:26:36.206000,307105,400,1626954,0.1,EDGX,12545
GTI,20250717 04:26:40.437000,307527,1,1626955,0.1,PACF,12545
GTI,20250717 04:26:46.662000,308085,100,1627055,0.1,PACF,12545
GTI,20250717 04:26:46.665000,308086,79,1627134,0.1,PACF,12545
GTI,20250717 04:26:49.565000,308547,69,1627203,0.1,PACF,12545
GTI,20250717 04:26:49.565000,308548,42,1627245,0.1,PACF,12545
GTI,20250717 04:26:49.565000,308549,6,1627251,0.1,PACF,12545
GTI,20250717 04:26:49.565000,308550,6,1627257,0.1,PACF,12545
GTI,20250717 04:26:49.638000,308655,751,1628102,0.1,PACF,12545
GTI,20250717 04:26:49.638000,308654,94,1627351,0.1,PACF,12545
GTI,20250717 04:26:50.559000,308752,1,1628103,0.1,PACF,12545
GTI,20250717 04:27:03.839000,310529,843,1628946,0.1,PACF,12545
GTI,20250717 04:27:12.480000,311593,5000,1633946,0.1,PACF,12545
GTI,20250717 04:27:35.671000,314344,94,1634040,0.1,PACF,12545
GTI,20250717 04:27:42.620000,315200,2,1634049,0.1,BATS,12545
GTI,20250717 04:27:42.620000,315199,7,1634047,0.1,EDGX,12545
GTI,20250717 04:27:48.012000,316016,500,1635948,0.1,EDGX,12545
GTI,20250717 04:27:48.012000,316017,1098,1637046,0.1,BATS,12545
GTI,20250717 04:27:48.012000,316015,1399,1635448,0.1,EDGX,12545
GTI,20250717 04:27:48.012000,316018,2781,1639827,0.1,PACF,12545
GTI,20250717 04:27:58.988000,317619,300,1640127,0.1,EDGX,12545
GTI,20250717 04:27:58.990000,317620,13,1640140,0.1,EDGX,12545
GTI,20250717 04:28:19.070000,320303,100,1640357,0.1,PACF,12545
GTI,20250717 04:28:19.070000,320304,542,1640899,0.1,PACF,12545
GTI,20250717 04:28:19.070000,320302,117,1640257,0.1,EDGX,12545
GTI,20250717 04:28:27.143000,321524,100,1640999,0.1,PACF,12545
GTI,20250717 04:28:27.143000,321525,200,1641199,0.1,PACF,12545
GTI,20250717 04:28:37.297000,322652,100,1641299,0.1,PACF,12545
GTI,20250717 04:28:37.297000,322653,583,1641882,0.1,PACF,12545
GTI,20250717 04:28:41.288000,323040,86,1641968,0.1,EDGX,12545
GTI,20250717 04:28:52.304000,323960,329,1645611,0.1,EDGX,12545
GTI,20250717 04:28:52.304000,323958,100,1642068,0.1,PACF,12545
GTI,20250717 04:28:52.304000,323959,3214,1645282,0.1,PACF,12545
GTI,20250717 04:28:53.834000,324049,74,1645685,0.1,PACF,12545
GTI,20250717 04:28:59.309000,324966,1,1645686,0.1,PACF,12545
GTI,20250717 04:29:06.288000,326166,5001,1650687,0.1,PACF,12545
GTI,20250717 04:29:14.848000,327899,15,1650702,0.1,EDGX,12545
GTI,20250717 04:29:14.848000,327900,472,1651174,0.1,PACF,12545
GTI,20250717 04:29:17.301000,328366,100,1651274,0.1,EDGX,12545
GTI,20250717 04:29:31.451000,331427,1301,1652775,0.1,PACF,12545
GTI,20250717 04:29:31.451000,331428,330,1653105,0.1,EDGX,12545
GTI,20250717 04:29:31.451000,331426,200,1651474,0.1,PACF,12545
GTI,20250717 04:29:59.157000,335271,430,1654069,0.1,EDGX,12545
GTI,20250717 04:29:59.157000,335270,534,1653639,0.1,PACF,12545
GTI,20250717 04:30:01.720000,335676,2,1660928,0.1,PACF,12545
GTI,20250717 04:30:01.720000,335679,82,1662015,0.1,PACF,12545
GTI,20250717 04:30:01.720000,335680,1000,1663015,0.1,PACF,12545
GTI,20250717 04:30:01.720000,335671,300,1657075,0.1,MEMX,12545
GTI,20250717 04:30:01.720000,335675,2711,1660926,0.1,PACF,12545
GTI,20250717 04:30:01.720000,335678,5,1661933,0.1,PACF,12545
GTI,20250717 04:30:01.720000,335674,10,1658215,0.1,PACF,12545
GTI,20250717 04:30:01.720000,335677,1000,1661928,0.1,PACF,12545
GTI,20250717 04:30:01.720000,335670,2194,1656775,0.1,BATS,12545
GTI,20250717 04:30:01.720000,335669,82,1654581,0.1,NQEX,12545
GTI,20250717 04:30:01.720000,335672,430,1657505,0.1,PACF,12545
GTI,20250717 04:30:01.720000,335668,430,1654499,0.1,EDGX,12545
GTI,20250717 04:30:01.720000,335673,700,1658205,0.1,PACF,12545
GTI,20250717 04:30:01.721000,335681,1098,1664113,0.1,BATS,12545
GTI,20250717 04:30:01.721000,335682,280,1664393,0.1,BATS,12545
GTI,20250717 04:30:01.721000,335683,12,1664405,0.1,MEMX,12545
GTI,20250717 04:30:01.721000,335684,288,1664693,0.1,BATS,12545
GTI,20250717 04:30:03.707000,335995,400,1665093,0.1,EDGX,12545
GTI,20250717 04:30:03.713000,335996,29,1665122,0.1,BATS,12545
GTI,20250717 04:30:04.575000,336118,30,1665152,0.1,EDGX,12545
GTI,20250717 04:30:04.575000,336120,1187,1667122,0.1,BATS,12545
GTI,20250717 04:30:04.575000,336119,783,1665935,0.1,BATS,12545
GTI,20250717 04:30:38.126000,341109,100,1667222,0.1,PACF,12545
GTI,20250717 04:30:38.127000,341111,46,1667322,0.1,BATS,12545
GTI,20250717 04:30:38.127000,341110,54,1667276,0.1,EDGX,12545
GTI,20250717 04:30:48.375000,342427,15,1667391,0.1,PACF,12545
GTI,20250717 04:30:48.375000,342426,54,1667376,0.1,EDGX,12545
GTI,20250717 04:30:48.375000,342428,355,1667746,0.1,PACF,12545
GTI,20250717 04:31:05.097000,345056,54,1667850,0.1,EDGX,12545
GTI,20250717 04:31:05.097000,345055,50,1667796,0.1,PACF,12545
GTI,20250717 04:31:16.166000,346576,86,1673294,0.1,PACF,12545
GTI,20250717 04:31:16.166000,346575,217,1673208,0.1,BATS,12545
GTI,20250717 04:31:16.166000,346574,100,1672991,0.1,PACF,12545
GTI,20250717 04:31:16.166000,346573,30,1672891,0.1,PACF,12545
GTI,20250717 04:31:16.166000,346572,14,1672861,0.1,PACF,12545
GTI,20250717 04:31:16.166000,346571,4851,1672847,0.1,PACF,12545
GTI,20250717 04:31:16.166000,346570,1,1667996,0.1,PACF,12545
GTI,20250717 04:31:16.166000,346569,145,1667995,0.1,PACF,12545
GTI,20250717 04:31:16.167000,346577,387,1673681,0.1,PACF,12545
GTI,20250717 04:31:19.239000,346960,50,1673731,0.1,PACF,12545
GTI,20250717 04:31:19.310000,346982,10,1673741,0.1,PACF,12545
GTI,20250717 04:31:20.288000,347177,100,1673841,0.1,PACF,12545
GTI,20250717 04:31:21.666000,347333,1,1673842,0.1,PACF,12545
GTI,20250717 04:31:23.025000,347509,1,1673843,0.1,PACF,12545
GTI,20250717 04:31:23.864000,347638,1,1673844,0.1,PACF,12545
GTI,20250717 04:31:24.509000,347868,1,1673845,0.1,PACF,12545
GTI,20250717 04:31:25.228000,347959,1,1673846,0.1,PACF,12545
GTI,20250717 04:31:25.748000,348019,1,1673847,0.1,PACF,12545
GTI,20250717 04:31:26.334000,348127,1,1673848,0.1,PACF,12545
GTI,20250717 04:31:27.314000,348323,1,1673849,0.1,PACF,12545
GTI,20250717 04:31:28.114000,348491,1,1673850,0.1,PACF,12545
GTI,20250717 04:31:29.170000,348569,1,1673851,0.1,PACF,12545
GTI,20250717 04:31:29.883000,348648,1,1673852,0.1,PACF,12545
GTI,20250717 04:31:30.265000,348698,1,1673853,0.1,PACF,12545
GTI,20250717 04:31:31.113000,348833,1,1673854,0.1,PACF,12545
GTI,20250717 04:31:31.569000,348882,1,1673855,0.1,PACF,12545
GTI,20250717 04:31:32.371000,349016,1,1673856,0.1,PACF,12545
GTI,20250717 04:31:33.179000,349131,1000,1674856,0.1,PACF,12545
GTI,20250717 04:31:34.691000,349310,1,1674857,0.1,PACF,12545
GTI,20250717 04:31:34.845000,349328,1000,1675857,0.1,PACF,12545
GTI,20250717 04:31:38.057000,349905,100,1675957,0.1,NQEX,12545
GTI,20250717 04:31:38.375000,349916,1,1675958,0.1,PACF,12545
GTI,20250717 04:31:39.557000,350114,1,1675959,0.1,PACF,12545
GTI,20250717 04:31:40.567000,350239,100,1676059,0.1,NQEX,12545
GTI,20250717 04:31:40.602000,350243,1,1676060,0.1,PACF,12545
GTI,20250717 04:31:45.294000,350809,1,1676061,0.1,PACF,12545
GTI,20250717 04:31:49.257000,351317,50,1676111,0.1,PACF,12545
GTI,20250717 04:31:49.689000,351419,100,1676699,0.1,NQEX,12545
GTI,20250717 04:31:49.689000,351418,488,1676599,0.1,PACF,12545
GTI,20250717 04:31:54.096000,351942,980,1677679,0.1,PACF,12545
GTI,20250717 04:31:58.685000,352634,200,1677879,0.1,PACF,12545
GTI,20250717 04:32:13.502000,354820,100,1677979,0.1,PACF,12545
GTI,20250717 04:32:14.514000,355010,194,1678173,0.1,PACF,12545
GTI,20250717 04:32:14.515000,355015,349,1678544,0.1,PACF,12545
GTI,20250717 04:32:14.515000,355014,5,1678195,0.1,PACF,12545
GTI,20250717 04:32:14.515000,355013,2,1678190,0.1,PACF,12545
GTI,20250717 04:32:14.515000,355012,5,1678188,0.1,PACF,12545
GTI,20250717 04:32:14.515000,355011,10,1678183,0.1,PACF,12545
GTI,20250717 04:32:17.962000,355395,1332,1685001,0.1,PACF,12545
GTI,20250717 04:32:17.962000,355394,5125,1683669,0.1,PACF,12545
GTI,20250717 04:32:23.893000,356271,1000,1686001,0.1,PACF,12545
GTI,20250717 04:32:35.053000,358172,1,1686002,0.1,PACF,12545
GTI,20250717 04:32:40.367000,359478,1,1686003,0.1,PACF,12545
GTI,20250717 04:33:24.131000,367510,999,1687002,0.1,PACF,12545
GTI,20250717 04:33:24.132000,367512,1000,1688173,0.1,NQEX,12545
GTI,20250717 04:33:24.132000,367511,171,1687173,0.1,PACF,12545
GTI,20250717 04:33:24.132000,367514,32,1688255,0.1,PACF,12545
GTI,20250717 04:33:24.132000,367515,1,1688256,0.1,PACF,12545
GTI,20250717 04:33:24.132000,367513,50,1688223,0.1,PACF,12545
GTI,20250717 04:33:24.133000,367518,72,1688428,0.1,PACF,12545
GTI,20250717 04:33:24.133000,367517,28,1688356,0.1,PACF,12545
GTI,20250717 04:33:24.133000,367516,72,1688328,0.1,PACF,12545
GTI,20250717 04:33:24.133000,367520,22,1688456,0.1,PACF,12545
GTI,20250717 04:33:24.133000,367521,78,1688534,0.1,PACF,12545
GTI,20250717 04:33:24.133000,367522,20,1688554,0.1,PACF,12545
GTI,20250717 04:33:24.133000,367519,6,1688434,0.1,PACF,12545
GTI,20250717 04:33:43.067000,370509,98,1688654,0.1,PACF,12545
GTI,20250717 04:33:43.067000,370508,2,1688556,0.1,PACF,12545
GTI,20250717 04:33:56.600000,372199,59,1688713,0.1,EDGX,12545
GTI,20250717 04:33:56.601000,372201,5,1689688,0.1,PACF,12545
GTI,20250717 04:33:56.601000,372200,970,1689683,0.1,EDGX,12545
GTI,20250717 04:33:56.602000,372202,4,1689692,0.1,PACF,12545
GTI,20250717 04:33:56.602000,372203,5,1689697,0.1,PACF,12545
GTI,20250717 04:33:57.037000,372240,400,1690097,0.1,NQEX,12545
GTI,20250717 04:33:57.068000,372243,600,1690697,0.1,NQEX,12545
GTI,20250717 04:33:57.069000,372245,100,1691047,0.1,PACF,12545
GTI,20250717 04:33:57.069000,372248,7,1691081,0.1,PACF,12545
GTI,20250717 04:33:57.069000,372249,9,1691090,0.1,PACF,12545
GTI,20250717 04:33:57.069000,372250,300,1691390,0.1,PACF,12545
GTI,20250717 04:33:57.069000,372251,548,1691938,0.1,PACF,12545
GTI,20250717 04:33:57.069000,372252,33540,1725478,0.1,PACF,12545
GTI,20250717 04:33:57.069000,372246,26,1691073,0.1,PACF,12545
GTI,20250717 04:33:57.069000,372244,250,1690947,0.1,PACF,12545
GTI,20250717 04:33:57.069000,372247,1,1691074,0.1,PACF,12545
GTI,20250717 04:34:01.290000,372809,1,1725479,0.1,PACF,12545
GTI,20250717 04:34:04.087000,373156,1,1725480,0.1,PACF,12545
GTI,20250717 04:34:06.290000,373317,1,1725481,0.1,PACF,12545
GTI,20250717 04:34:11.337000,373879,1152,1726633,0.1,EDGX,12545
GTI,20250717 04:34:12.290000,373976,1,1726634,0.1,PACF,12545
GTI,20250717 04:34:12.291000,373977,1,1726635,0.1,PACF,12545
GTI,20250717 04:34:18.290000,374523,1,1726636,0.1,PACF,12545
GTI,20250717 04:34:18.291000,374524,1,1726637,0.1,PACF,12545
GTI,20250717 04:34:19.181000,374645,11,1726648,0.1,PACF,12545
GTI,20250717 04:34:20.891000,375138,77,1726725,0.1,PACF,12545
GTI,20250717 04:34:20.891000,375141,592,1732158,0.1,EDGX,12545
GTI,20250717 04:34:20.891000,375139,737,1727462,0.1,PACF,12545
GTI,20250717 04:34:20.891000,375140,4104,1731566,0.1,PACF,12545
GTI,20250717 04:34:25.721000,376100,1,1732159,0.1,PACF,12545
GTI,20250717 04:34:25.721000,376101,1,1732160,0.1,PACF,12545
GTI,20250717 04:34:32.152000,377485,1,1732162,0.1,PACF,12545
GTI,20250717 04:34:32.152000,377484,1,1732161,0.1,PACF,12545
GTI,20250717 04:34:33.309000,377776,8254,1740416,0.1,PACF,12545
GTI,20250717 04:34:33.309000,377777,1746,1742162,0.1,PACF,12545
GTI,20250717 04:34:33.644000,377824,809,1742971,0.1,PACF,12545
GTI,20250717 04:34:40.683000,378986,68,1743039,0.1,PACF,12545
GTI,20250717 04:34:41.278000,379092,126,1743204,0.1,PACF,12545
GTI,20250717 04:34:41.278000,379091,39,1743078,0.1,PACF,12545
GTI,20250717 04:34:42.279000,379260,2,1743207,0.1,PACF,12545
GTI,20250717 04:34:42.279000,379259,1,1743205,0.1,PACF,12545
GTI,20250717 04:34:42.279000,379261,1,1743208,0.1,PACF,12545
GTI,20250717 04:34:44.936000,379795,1,1743209,0.1,PACF,12545
GTI,20250717 04:34:49.270000,380464,6,1743215,0.1,PACF,12545
GTI,20250717 04:34:55.649000,381848,144,1743359,0.1,PACF,12545
GTI,20250717 04:34:59.171000,382540,200,1743744,0.1,PACF,12545
GTI,20250717 04:34:59.171000,382541,393,1744137,0.1,PACF,12545
GTI,20250717 04:34:59.171000,382539,185,1743544,0.1,PACF,12545
GTI,20250717 04:35:02.040000,383224,19,1744156,0.1,NQEX,12545
GTI,20250717 04:35:04.985000,383734,849,1745005,0.1,NQEX,12545
GTI,20250717 04:35:14.742000,385225,1702,1746707,0.1,NQEX,12545
