SymbolId,CurrentTime,Index,Bid,BidSize,Ask,AskSize,BidCondition,AskCondition,BidExchange,AskExchange
GTI,20250717 04:00:00.033000,0,0.11,1,0.11,15,REGULAR,REGULAR,PACF,10247
GTI,20250717 04:00:02.102000,0,0.11,1,0.11,10,REGULAR,REGULAR,PACF,10305
GTI,20250717 04:00:02.813000,0,0.1,11,0.1,60,REGULAR,REGULAR,MEMX,10247
GTI,20250717 04:00:02.813000,0,0.1,11,0.1,60,REGULAR,REGULAR,MEMX,10247
GTI,20250717 04:00:02.813000,0,0.1,11,0.1,60,REGULAR,REGULAR,MEMX,10247
GTI,20250717 04:00:02.813000,0,0.1,11,0.1,60,REGULAR,REGULAR,MEMX,10247
GTI,20250717 04:00:02.813000,0,0.1,11,0.1,60,REGULAR,REGULAR,MEMX,10247
GTI,20250717 04:00:02.813000,0,0.1,11,0.1,60,REGULAR,REGULAR,MEMX,10247
GTI,20250717 04:00:02.813000,0,0.1,11,0.1,60,REGULAR,REGULAR,MEMX,10247
GTI,20250717 04:00:02.813000,0,0.1,11,0.1,60,REGULAR,REGULAR,MEMX,10247
GTI,20250717 04:00:02.814000,0,0.1,100,0.1,60,REGULAR,REGULAR,EDGX,10247
GTI,20250717 04:00:02.817000,0,0.1,100,0.1,22,REGULAR,REGULAR,EDGX,10305
GTI,20250717 04:00:06.696000,0,0.1,9,0.11,1,REGULAR,REGULAR,PACF,10247
GTI,20250717 04:00:08.934000,0,0.1,54,0.11,10,REGULAR,REGULAR,PACF,10305
GTI,20250717 04:00:09.628000,0,0.1,55,0.11,10,REGULAR,REGULAR,PACF,10305
GTI,20250717 04:00:10.131000,0,0.1,50,0.11,10,REGULAR,REGULAR,PACF,10305
GTI,20250717 04:00:13.616000,0,0.1,56,0.11,1,REGULAR,REGULAR,PACF,10241
GTI,20250717 04:00:13.937000,0,0.1,56,0.11,1,REGULAR,REGULAR,PACF,10247
GTI,20250717 04:00:13.939000,0,0.1,1,0.11,10,REGULAR,REGULAR,NQEX,10305
GTI,20250717 04:00:13.939000,0,0.1,1,0.11,10,REGULAR,REGULAR,NQEX,10305
GTI,20250717 04:00:17.235000,0,0.11,1,0.11,9,REGULAR,REGULAR,PACF,10305
GTI,20250717 04:00:17.429000,0,0.11,1,0.11,1,REGULAR,REGULAR,MEMX,10247
GTI,20250717 04:00:17.429000,0,0.11,1,0.11,1,REGULAR,REGULAR,MEMX,10247
GTI,20250717 04:00:18.260000,0,0.1,139,0.11,10,REGULAR,REGULAR,PACF,10247
GTI,20250717 04:00:18.260000,0,0.1,139,0.11,10,REGULAR,REGULAR,PACF,10247
GTI,20250717 04:00:18.260000,0,0.1,139,0.11,10,REGULAR,REGULAR,PACF,10247
GTI,20250717 04:00:19.593000,0,0.1,15,0.11,1,REGULAR,REGULAR,PACF,10247
GTI,20250717 04:00:19.593000,0,0.1,15,0.11,1,REGULAR,REGULAR,PACF,10247
GTI,20250717 04:00:19.593000,0,0.1,15,0.11,1,REGULAR,REGULAR,PACF,10247
GTI,20250717 04:00:19.593000,0,0.1,15,0.11,1,REGULAR,REGULAR,PACF,10247
GTI,20250717 04:00:19.593000,0,0.1,15,0.11,1,REGULAR,REGULAR,PACF,10247
GTI,20250717 04:00:19.593000,0,0.1,15,0.11,1,REGULAR,REGULAR,PACF,10247
GTI,20250717 04:00:19.593000,0,0.1,15,0.11,1,REGULAR,REGULAR,PACF,10247
GTI,20250717 04:00:19.593000,0,0.1,15,0.11,1,REGULAR,REGULAR,PACF,10247
GTI,20250717 04:00:19.593000,0,0.1,15,0.11,1,REGULAR,REGULAR,PACF,10247
GTI,20250717 04:00:19.593000,0,0.1,15,0.11,1,REGULAR,REGULAR,PACF,10247
GTI,20250717 04:00:22.706000,0,0.1,25,0.11,9,REGULAR,REGULAR,PACF,10305
GTI,20250717 04:00:23.359000,0,0.1,25,0.11,9,REGULAR,REGULAR,PACF,10305
GTI,20250717 04:00:23.359000,0,0.1,25,0.11,9,REGULAR,REGULAR,PACF,10305
GTI,20250717 04:00:27.230000,0,0.1,10,0.11,9,REGULAR,REGULAR,EDGX,10305
GTI,20250717 04:00:34.351000,0,0.1,10,0.11,9,REGULAR,REGULAR,EDGX,10305
GTI,20250717 04:00:34.714000,0,0.1,10,0.11,1,REGULAR,REGULAR,EDGX,10305
GTI,20250717 04:00:34.973000,0,0.1,7,0.11,10,REGULAR,REGULAR,EDGX,10305
GTI,20250717 04:00:34.973000,0,0.1,7,0.11,10,REGULAR,REGULAR,EDGX,10305
GTI,20250717 04:00:35.438000,0,0.1,1,0.11,1,REGULAR,REGULAR,EDGX,10305
GTI,20250717 04:00:36.690000,0,0.1,18,0.11,9,REGULAR,REGULAR,EDGX,10305
GTI,20250717 04:00:36.690000,0,0.1,18,0.11,9,REGULAR,REGULAR,EDGX,10305
GTI,20250717 04:00:40.256000,0,0.1,11,0.11,1,REGULAR,REGULAR,EDGX,10305
GTI,20250717 04:00:44.181000,0,0.1,19,0.1,1,REGULAR,REGULAR,PACF,10241
GTI,20250717 04:00:44.181000,0,0.1,19,0.1,1,REGULAR,REGULAR,PACF,10241
GTI,20250717 04:00:44.181000,0,0.1,19,0.1,1,REGULAR,REGULAR,PACF,10241
GTI,20250717 04:00:44.181000,0,0.1,19,0.1,1,REGULAR,REGULAR,PACF,10241
GTI,20250717 04:00:44.182000,0,0.1,19,0.1,1,REGULAR,REGULAR,PACF,10241
GTI,20250717 04:00:44.182000,0,0.1,19,0.1,1,REGULAR,REGULAR,PACF,10241
GTI,20250717 04:00:44.380000,0,0.1,19,0.11,13,REGULAR,REGULAR,PACF,10247
GTI,20250717 04:00:44.380000,0,0.1,19,0.11,13,REGULAR,REGULAR,PACF,10247
GTI,20250717 04:00:44.380000,0,0.1,19,0.11,13,REGULAR,REGULAR,PACF,10247
GTI,20250717 04:00:44.380000,0,0.1,19,0.11,13,REGULAR,REGULAR,PACF,10247
GTI,20250717 04:00:44.380000,0,0.1,19,0.11,13,REGULAR,REGULAR,PACF,10247
GTI,20250717 04:00:44.380000,0,0.1,19,0.11,13,REGULAR,REGULAR,PACF,10247
GTI,20250717 04:00:44.380000,0,0.1,19,0.11,13,REGULAR,REGULAR,PACF,10247
GTI,20250717 04:00:44.380000,0,0.1,19,0.11,13,REGULAR,REGULAR,PACF,10247
GTI,20250717 04:00:44.380000,0,0.1,19,0.11,13,REGULAR,REGULAR,PACF,10247
GTI,20250717 04:00:44.380000,0,0.1,19,0.11,13,REGULAR,REGULAR,PACF,10247
GTI,20250717 04:00:44.380000,0,0.1,19,0.11,13,REGULAR,REGULAR,PACF,10247
GTI,20250717 04:00:44.380000,0,0.1,19,0.11,13,REGULAR,REGULAR,PACF,10247
GTI,20250717 04:00:44.380000,0,0.1,19,0.11,13,REGULAR,REGULAR,PACF,10247
GTI,20250717 04:00:44.380000,0,0.1,19,0.11,13,REGULAR,REGULAR,PACF,10247
GTI,20250717 04:00:44.380000,0,0.1,19,0.11,13,REGULAR,REGULAR,PACF,10247
GTI,20250717 04:00:44.753000,0,0.1,19,0.11,1,REGULAR,REGULAR,PACF,10305
GTI,20250717 04:00:45.230000,0,0.1,19,0.11,1,REGULAR,REGULAR,PACF,10305
GTI,20250717 04:00:49.547000,0,0.1,19,0.11,1,REGULAR,REGULAR,PACF,10305
GTI,20250717 04:00:52.303000,0,0.1,19,0.11,1,REGULAR,REGULAR,PACF,10305
GTI,20250717 04:00:53.255000,0,0.1,19,0.11,1,REGULAR,REGULAR,PACF,10305
GTI,20250717 04:00:57.442000,0,0.1,19,0.11,32,REGULAR,REGULAR,PACF,10247
GTI,20250717 04:01:00.269000,0,0.1,10,0.11,32,REGULAR,REGULAR,PACF,10247
GTI,20250717 04:01:02.332000,0,0.1,10,0.11,32,REGULAR,REGULAR,PACF,10247
GTI,20250717 04:01:03.807000,0,0.1,10,0.11,32,REGULAR,REGULAR,PACF,10247
GTI,20250717 04:01:04.271000,0,0.1,10,0.11,32,REGULAR,REGULAR,PACF,10247
GTI,20250717 04:01:06.966000,0,0.1,9,0.11,199,REGULAR,REGULAR,PACF,10247
GTI,20250717 04:01:07.864000,0,0.1,9,0.11,199,REGULAR,REGULAR,PACF,10247
GTI,20250717 04:01:09.266000,0,0.1,9,0.11,15,REGULAR,REGULAR,PACF,10247
GTI,20250717 04:01:09.832000,0,0.1,6,0.11,209,REGULAR,REGULAR,PACF,10247
GTI,20250717 04:01:09.832000,0,0.1,6,0.11,209,REGULAR,REGULAR,PACF,10247
GTI,20250717 04:01:09.832000,0,0.1,6,0.11,209,REGULAR,REGULAR,PACF,10247
GTI,20250717 04:01:09.832000,0,0.1,6,0.11,209,REGULAR,REGULAR,PACF,10247
GTI,20250717 04:01:09.832000,0,0.1,6,0.11,209,REGULAR,REGULAR,PACF,10247
GTI,20250717 04:01:09.832000,0,0.1,6,0.11,209,REGULAR,REGULAR,PACF,10247
GTI,20250717 04:01:09.832000,0,0.1,6,0.11,209,REGULAR,REGULAR,PACF,10247
GTI,20250717 04:01:09.832000,0,0.1,6,0.11,209,REGULAR,REGULAR,PACF,10247
GTI,20250717 04:01:10.658000,0,0.1,9,0.11,209,REGULAR,REGULAR,PACF,10247
GTI,20250717 04:01:11.602000,0,0.1,9,0.11,220,REGULAR,REGULAR,PACF,10247
GTI,20250717 04:01:17.365000,0,0.1,9,0.11,162,REGULAR,REGULAR,PACF,10247
GTI,20250717 04:01:18.277000,0,0.1,9,0.11,162,REGULAR,REGULAR,PACF,10247
GTI,20250717 04:01:19.468000,0,0.1,8,0.11,159,REGULAR,REGULAR,PACF,10247
GTI,20250717 04:01:19.468000,0,0.1,8,0.11,159,REGULAR,REGULAR,PACF,10247
GTI,20250717 04:01:19.468000,0,0.1,8,0.11,159,REGULAR,REGULAR,PACF,10247
GTI,20250717 04:01:20.420000,0,0.1,5,0.11,159,REGULAR,REGULAR,PACF,10247
GTI,20250717 04:01:22.283000,0,0.1,9,0.11,159,REGULAR,REGULAR,PACF,10247
GTI,20250717 04:01:23.702000,0,0.1,9,0.11,159,REGULAR,REGULAR,PACF,10247
GTI,20250717 04:01:25.334000,0,0.1,7,0.11,5,REGULAR,REGULAR,PACF,10305
GTI,20250717 04:01:25.349000,0,0.1,7,0.11,5,REGULAR,REGULAR,PACF,10305
GTI,20250717 04:01:26.174000,0,0.1,7,0.11,5,REGULAR,REGULAR,PACF,10305
GTI,20250717 04:01:28.633000,0,0.1,7,0.11,5,REGULAR,REGULAR,PACF,10305
GTI,20250717 04:01:31.291000,0,0.1,7,0.11,5,REGULAR,REGULAR,PACF,10305
GTI,20250717 04:01:31.793000,0,0.1,7,0.11,5,REGULAR,REGULAR,PACF,10305
GTI,20250717 04:01:31.862000,0,0.1,5,0.11,5,REGULAR,REGULAR,PACF,10305
GTI,20250717 04:01:34.226000,0,0.1,2,0.11,1,REGULAR,REGULAR,EDGX,10247
GTI,20250717 04:01:35.320000,0,0.1,1,0.11,1,REGULAR,REGULAR,EDGX,10247
GTI,20250717 04:01:35.730000,0,0.1,1,0.11,1,REGULAR,REGULAR,EDGX,10247
GTI,20250717 04:01:39.135000,0,0.1,1,0.11,1,REGULAR,REGULAR,EDGX,10247
GTI,20250717 04:01:39.234000,0,0.1,1,0.11,1,REGULAR,REGULAR,EDGX,10247
GTI,20250717 04:01:40.018000,0,0.1,1,0.11,1,REGULAR,REGULAR,EDGX,10247
GTI,20250717 04:01:40.059000,0,0.1,1,0.11,1,REGULAR,REGULAR,EDGX,10247
GTI,20250717 04:01:42.280000,0,0.1,1,0.11,1,REGULAR,REGULAR,EDGX,10247
GTI,20250717 04:01:42.822000,0,0.1,1,0.11,1,REGULAR,REGULAR,EDGX,10247
GTI,20250717 04:01:42.822000,0,0.1,1,0.11,1,REGULAR,REGULAR,EDGX,10247
GTI,20250717 04:01:43.693000,0,0.1,1,0.1,9,REGULAR,REGULAR,EDGX,10247
GTI,20250717 04:01:43.693000,0,0.1,1,0.1,9,REGULAR,REGULAR,EDGX,10247
GTI,20250717 04:01:43.693000,0,0.1,1,0.1,9,REGULAR,REGULAR,EDGX,10247
GTI,20250717 04:01:43.693000,0,0.1,1,0.1,9,REGULAR,REGULAR,EDGX,10247
GTI,20250717 04:01:43.694000,0,0.1,8,0.1,1,REGULAR,REGULAR,EDGX,10247
GTI,20250717 04:01:43.938000,0,0.1,8,0.1,5,REGULAR,REGULAR,EDGX,10247
GTI,20250717 04:01:43.938000,0,0.1,8,0.1,5,REGULAR,REGULAR,EDGX,10247
GTI,20250717 04:01:45.250000,0,0.1,10,0.11,1,REGULAR,REGULAR,EDGX,10247
GTI,20250717 04:01:47.224000,0,0.1,10,0.11,1,REGULAR,REGULAR,EDGX,10247
GTI,20250717 04:01:50.343000,0,0.1,10,0.1,429,REGULAR,REGULAR,EDGX,10313
GTI,20250717 04:01:52.843000,0,0.1,10,0.1,429,REGULAR,REGULAR,EDGX,10313
GTI,20250717 04:01:58.512000,0,0.1,10,0.1,429,REGULAR,REGULAR,EDGX,10313
GTI,20250717 04:02:00.821000,0,0.1,10,0.1,429,REGULAR,REGULAR,EDGX,10313
GTI,20250717 04:02:00.821000,0,0.1,10,0.1,429,REGULAR,REGULAR,EDGX,10313
GTI,20250717 04:02:00.821000,0,0.1,10,0.1,429,REGULAR,REGULAR,EDGX,10313
GTI,20250717 04:02:04.106000,0,0.1,10,0.1,429,REGULAR,REGULAR,EDGX,10313
GTI,20250717 04:02:04.246000,0,0.1,5,0.1,429,REGULAR,REGULAR,EDGX,10313
GTI,20250717 04:02:05.377000,0,0.1,8,0.1,9,REGULAR,REGULAR,EDGX,10247
GTI,20250717 04:02:05.377000,0,0.1,8,0.1,9,REGULAR,REGULAR,EDGX,10247
GTI,20250717 04:02:05.377000,0,0.1,8,0.1,9,REGULAR,REGULAR,EDGX,10247
GTI,20250717 04:02:05.377000,0,0.1,8,0.1,9,REGULAR,REGULAR,EDGX,10247
GTI,20250717 04:02:05.377000,0,0.1,8,0.1,9,REGULAR,REGULAR,EDGX,10247
GTI,20250717 04:02:05.377000,0,0.1,8,0.1,9,REGULAR,REGULAR,EDGX,10247
GTI,20250717 04:02:05.377000,0,0.1,8,0.1,9,REGULAR,REGULAR,EDGX,10247
GTI,20250717 04:02:06.695000,0,0.1,9,0.1,429,REGULAR,REGULAR,PACF,10313
GTI,20250717 04:02:06.695000,0,0.1,9,0.1,429,REGULAR,REGULAR,PACF,10313
GTI,20250717 04:02:07.232000,0,0.1,5,0.1,429,REGULAR,REGULAR,PACF,10313
GTI,20250717 04:02:09.126000,0,0.1,24,0.1,429,REGULAR,REGULAR,PACF,10313
GTI,20250717 04:02:11.969000,0,0.1,1,0.1,429,REGULAR,REGULAR,EDGX,10313
GTI,20250717 04:02:12.135000,0,0.1,1,0.1,429,REGULAR,REGULAR,EDGX,10313
GTI,20250717 04:02:16.467000,0,0.1,1,0.1,429,REGULAR,REGULAR,EDGX,10313
GTI,20250717 04:02:17.731000,0,0.1,1,0.1,429,REGULAR,REGULAR,PACF,10313
GTI,20250717 04:02:17.731000,0,0.1,1,0.1,429,REGULAR,REGULAR,PACF,10313
GTI,20250717 04:02:17.732000,0,0.1,10,0.1,9,REGULAR,REGULAR,PACF,10247
GTI,20250717 04:02:17.732000,0,0.1,10,0.1,9,REGULAR,REGULAR,PACF,10247
GTI,20250717 04:02:17.732000,0,0.1,10,0.1,9,REGULAR,REGULAR,PACF,10247
GTI,20250717 04:02:17.732000,0,0.1,10,0.1,9,REGULAR,REGULAR,PACF,10247
GTI,20250717 04:02:17.732000,0,0.1,10,0.1,9,REGULAR,REGULAR,PACF,10247
GTI,20250717 04:02:24.051000,0,0.1,10,0.1,2,REGULAR,REGULAR,EDGX,10247
GTI,20250717 04:02:24.051000,0,0.1,10,0.1,2,REGULAR,REGULAR,EDGX,10247
GTI,20250717 04:02:24.051000,0,0.1,10,0.1,2,REGULAR,REGULAR,EDGX,10247
GTI,20250717 04:02:24.051000,0,0.1,10,0.1,2,REGULAR,REGULAR,EDGX,10247
GTI,20250717 04:02:28.201000,0,0.1,9,0.1,2,REGULAR,REGULAR,PACF,10247
GTI,20250717 04:02:29.183000,0,0.1,9,0.1,2,REGULAR,REGULAR,PACF,10247
GTI,20250717 04:02:30.030000,0,0.1,9,0.1,2,REGULAR,REGULAR,PACF,10247
GTI,20250717 04:02:31.606000,0,0.1,9,0.1,2,REGULAR,REGULAR,PACF,10247
GTI,20250717 04:02:32.216000,0,0.1,9,0.1,2,REGULAR,REGULAR,PACF,10247
GTI,20250717 04:02:32.759000,0,0.1,9,0.1,3,REGULAR,REGULAR,PACF,10247
GTI,20250717 04:02:33.588000,0,0.1,10,0.1,7,REGULAR,REGULAR,EDGX,10247
GTI,20250717 04:02:34.254000,0,0.1,10,0.1,3,REGULAR,REGULAR,EDGX,10247
GTI,20250717 04:02:35.271000,0,0.1,10,0.1,3,REGULAR,REGULAR,EDGX,10247
GTI,20250717 04:02:36.362000,0,0.1,10,0.1,3,REGULAR,REGULAR,EDGX,10247
GTI,20250717 04:02:37.959000,0,0.1,10,0.1,3,REGULAR,REGULAR,EDGX,10247
GTI,20250717 04:02:39.296000,0,0.1,10,0.1,3,REGULAR,REGULAR,EDGX,10247
GTI,20250717 04:02:43.331000,0,0.1,10,0.1,1,REGULAR,REGULAR,EDGX,10300
GTI,20250717 04:02:46.264000,0,0.1,10,0.1,1,REGULAR,REGULAR,EDGX,10300
GTI,20250717 04:02:48.394000,0,0.1,10,0.1,1,REGULAR,REGULAR,EDGX,10300
GTI,20250717 04:02:49.314000,0,0.1,10,0.1,1,REGULAR,REGULAR,EDGX,10300
GTI,20250717 04:02:50.274000,0,0.1,10,0.1,1,REGULAR,REGULAR,EDGX,10300
GTI,20250717 04:02:51.590000,0,0.1,10,0.1,1,REGULAR,REGULAR,EDGX,10300
GTI,20250717 04:02:51.642000,0,0.1,10,0.1,1,REGULAR,REGULAR,EDGX,10300
GTI,20250717 04:02:52.179000,0,0.1,10,0.1,5,REGULAR,REGULAR,EDGX,10247
GTI,20250717 04:02:52.498000,0,0.1,10,0.1,29,REGULAR,REGULAR,EDGX,10247
GTI,20250717 04:02:52.577000,0,0.1,10,0.1,29,REGULAR,REGULAR,EDGX,10247
GTI,20250717 04:02:54.416000,0,0.1,28,0.1,1,REGULAR,REGULAR,PACF,10247
GTI,20250717 04:02:54.416000,0,0.1,28,0.1,1,REGULAR,REGULAR,PACF,10247
GTI,20250717 04:02:54.416000,0,0.1,28,0.1,1,REGULAR,REGULAR,PACF,10247
GTI,20250717 04:02:54.416000,0,0.1,28,0.1,1,REGULAR,REGULAR,PACF,10247
GTI,20250717 04:02:56.479000,0,0.1,28,0.1,29,REGULAR,REGULAR,PACF,10247
GTI,20250717 04:02:56.480000,0,0.1,21,0.1,1,REGULAR,REGULAR,EDGX,10247
GTI,20250717 04:02:56.480000,0,0.1,21,0.1,1,REGULAR,REGULAR,EDGX,10247
GTI,20250717 04:02:56.959000,0,0.1,28,0.1,29,REGULAR,REGULAR,PACF,10247
GTI,20250717 04:02:57.036000,0,0.1,28,0.1,29,REGULAR,REGULAR,PACF,10247
GTI,20250717 04:02:57.180000,0,0.1,28,0.1,29,REGULAR,REGULAR,PACF,10247
GTI,20250717 04:03:01.168000,0,0.1,28,0.1,29,REGULAR,REGULAR,PACF,10305
GTI,20250717 04:03:02.391000,0,0.1,28,0.1,1,REGULAR,REGULAR,PACF,10300
GTI,20250717 04:03:03.640000,0,0.1,28,0.1,1,REGULAR,REGULAR,PACF,10300
GTI,20250717 04:03:04.573000,0,0.1,28,0.1,2,REGULAR,REGULAR,PACF,10300
GTI,20250717 04:03:06.530000,0,0.1,28,0.1,29,REGULAR,REGULAR,PACF,10305
GTI,20250717 04:03:06.530000,0,0.1,28,0.1,29,REGULAR,REGULAR,PACF,10305
GTI,20250717 04:03:06.530000,0,0.1,28,0.1,29,REGULAR,REGULAR,PACF,10305
GTI,20250717 04:03:06.619000,0,0.1,28,0.1,29,REGULAR,REGULAR,PACF,10305
GTI,20250717 04:03:08.698000,0,0.1,28,0.1,10,REGULAR,REGULAR,PACF,10305
GTI,20250717 04:03:12.926000,0,0.1,28,0.1,10,REGULAR,REGULAR,PACF,10305
GTI,20250717 04:03:15.328000,0,0.1,28,0.1,10,REGULAR,REGULAR,PACF,10305
GTI,20250717 04:03:15.347000,0,0.1,28,0.1,10,REGULAR,REGULAR,PACF,10305
GTI,20250717 04:03:16.226000,0,0.1,28,0.1,10,REGULAR,REGULAR,PACF,10305
GTI,20250717 04:03:16.226000,0,0.1,28,0.1,10,REGULAR,REGULAR,PACF,10305
GTI,20250717 04:03:17.525000,0,0.1,28,0.1,9,REGULAR,REGULAR,PACF,10305
GTI,20250717 04:03:18.082000,0,0.1,28,0.1,9,REGULAR,REGULAR,PACF,10305
GTI,20250717 04:03:19.427000,0,0.1,28,0.1,9,REGULAR,REGULAR,PACF,10305
GTI,20250717 04:03:21.322000,0,0.1,1,0.1,29,REGULAR,REGULAR,PACF,10305
GTI,20250717 04:03:21.322000,0,0.1,1,0.1,29,REGULAR,REGULAR,PACF,10305
GTI,20250717 04:03:21.322000,0,0.1,1,0.1,29,REGULAR,REGULAR,PACF,10305
GTI,20250717 04:03:21.322000,0,0.1,1,0.1,29,REGULAR,REGULAR,PACF,10305
GTI,20250717 04:03:21.322000,0,0.1,1,0.1,29,REGULAR,REGULAR,PACF,10305
GTI,20250717 04:03:21.322000,0,0.1,1,0.1,29,REGULAR,REGULAR,PACF,10305
GTI,20250717 04:03:21.322000,0,0.1,1,0.1,29,REGULAR,REGULAR,PACF,10305
GTI,20250717 04:03:21.322000,0,0.1,1,0.1,29,REGULAR,REGULAR,PACF,10305
GTI,20250717 04:03:21.322000,0,0.1,1,0.1,29,REGULAR,REGULAR,PACF,10305
GTI,20250717 04:03:21.780000,0,0.1,28,0.1,29,REGULAR,REGULAR,PACF,10305
GTI,20250717 04:03:21.780000,0,0.1,28,0.1,29,REGULAR,REGULAR,PACF,10305
GTI,20250717 04:03:23.074000,0,0.1,28,0.1,29,REGULAR,REGULAR,PACF,10305
GTI,20250717 04:03:24.789000,0,0.1,28,0.1,29,REGULAR,REGULAR,PACF,10305
GTI,20250717 04:03:24.854000,0,0.1,28,0.1,29,REGULAR,REGULAR,PACF,10305
GTI,20250717 04:03:24.854000,0,0.1,28,0.1,29,REGULAR,REGULAR,PACF,10305
GTI,20250717 04:03:24.855000,0,0.1,4,0.1,29,REGULAR,REGULAR,PACF,10247
GTI,20250717 04:03:24.855000,0,0.1,4,0.1,29,REGULAR,REGULAR,PACF,10247
GTI,20250717 04:03:24.855000,0,0.1,4,0.1,29,REGULAR,REGULAR,PACF,10247
GTI,20250717 04:03:24.855000,0,0.1,4,0.1,29,REGULAR,REGULAR,PACF,10247
GTI,20250717 04:03:24.856000,0,0.1,4,0.1,29,REGULAR,REGULAR,PACF,10247
GTI,20250717 04:03:26.523000,0,0.1,1,0.1,29,REGULAR,REGULAR,PACF,10247
GTI,20250717 04:03:28.874000,0,0.1,1,0.1,10,REGULAR,REGULAR,PACF,10247
GTI,20250717 04:03:29.488000,0,0.1,1,0.1,10,REGULAR,REGULAR,PACF,10247
GTI,20250717 04:03:29.697000,0,0.1,1,0.1,10,REGULAR,REGULAR,PACF,10247
GTI,20250717 04:03:30.708000,0,0.1,1,0.1,10,REGULAR,REGULAR,PACF,10247
GTI,20250717 04:03:31.187000,0,0.1,1,0.1,10,REGULAR,REGULAR,PACF,10247
GTI,20250717 04:03:32.278000,0,0.1,1,0.1,10,REGULAR,REGULAR,PACF,10247
GTI,20250717 04:03:35.656000,0,0.1,1,0.1,4,REGULAR,REGULAR,PACF,10247
GTI,20250717 04:03:35.656000,0,0.1,1,0.1,4,REGULAR,REGULAR,PACF,10247
GTI,20250717 04:03:38.446000,0,0.1,1,0.1,4,REGULAR,REGULAR,PACF,10247
GTI,20250717 04:03:41.890000,0,0.1,1,0.1,4,REGULAR,REGULAR,PACF,10247
GTI,20250717 04:03:41.890000,0,0.1,1,0.1,4,REGULAR,REGULAR,PACF,10247
GTI,20250717 04:03:41.891000,0,0.1,1,0.1,4,REGULAR,REGULAR,PACF,10247
GTI,20250717 04:03:44.903000,0,0.1,1,0.1,4,REGULAR,REGULAR,PACF,10247
GTI,20250717 04:03:45.020000,0,0.1,1,0.1,4,REGULAR,REGULAR,PACF,10247
GTI,20250717 04:03:45.362000,0,0.1,19,0.1,1,REGULAR,REGULAR,EDGX,10247
GTI,20250717 04:03:45.362000,0,0.1,19,0.1,1,REGULAR,REGULAR,EDGX,10247
GTI,20250717 04:03:45.362000,0,0.1,19,0.1,1,REGULAR,REGULAR,EDGX,10247
GTI,20250717 04:03:45.362000,0,0.1,19,0.1,1,REGULAR,REGULAR,EDGX,10247
GTI,20250717 04:03:45.362000,0,0.1,19,0.1,1,REGULAR,REGULAR,EDGX,10247
GTI,20250717 04:03:45.362000,0,0.1,19,0.1,1,REGULAR,REGULAR,EDGX,10247
GTI,20250717 04:03:45.362000,0,0.1,19,0.1,1,REGULAR,REGULAR,EDGX,10247
GTI,20250717 04:03:46.304000,0,0.1,19,0.1,1,REGULAR,REGULAR,EDGX,10247
GTI,20250717 04:03:47.457000,0,0.1,18,0.1,4,REGULAR,REGULAR,EDGX,10247
GTI,20250717 04:03:51.168000,0,0.1,18,0.1,4,REGULAR,REGULAR,EDGX,10247
GTI,20250717 04:03:51.172000,0,0.1,18,0.1,4,REGULAR,REGULAR,EDGX,10247
GTI,20250717 04:03:52.323000,0,0.1,18,0.1,4,REGULAR,REGULAR,EDGX,10247
GTI,20250717 04:03:54.099000,0,0.1,18,0.1,4,REGULAR,REGULAR,EDGX,10247
GTI,20250717 04:03:56.350000,0,0.1,1,0.1,1,REGULAR,REGULAR,PACF,10247
GTI,20250717 04:03:56.350000,0,0.1,1,0.1,1,REGULAR,REGULAR,PACF,10247
GTI,20250717 04:03:56.350000,0,0.1,1,0.1,1,REGULAR,REGULAR,PACF,10247
GTI,20250717 04:04:01.713000,0,0.1,19,0.1,1,REGULAR,REGULAR,EDGX,10247
GTI,20250717 04:04:01.713000,0,0.1,19,0.1,1,REGULAR,REGULAR,EDGX,10247
GTI,20250717 04:04:02.209000,0,0.1,1,0.1,3,REGULAR,REGULAR,PACF,10247
GTI,20250717 04:04:02.209000,0,0.1,1,0.1,3,REGULAR,REGULAR,PACF,10247
GTI,20250717 04:04:02.209000,0,0.1,1,0.1,3,REGULAR,REGULAR,PACF,10247
GTI,20250717 04:04:02.209000,0,0.1,1,0.1,3,REGULAR,REGULAR,PACF,10247
GTI,20250717 04:04:04.173000,0,0.1,3,0.1,3,REGULAR,REGULAR,PACF,10247
GTI,20250717 04:04:04.173000,0,0.1,3,0.1,3,REGULAR,REGULAR,PACF,10247
GTI,20250717 04:04:05.170000,0,0.1,3,0.1,82,REGULAR,REGULAR,PACF,10247
GTI,20250717 04:04:05.170000,0,0.1,3,0.1,82,REGULAR,REGULAR,PACF,10247
GTI,20250717 04:04:05.170000,0,0.1,3,0.1,82,REGULAR,REGULAR,PACF,10247
GTI,20250717 04:04:05.170000,0,0.1,3,0.1,82,REGULAR,REGULAR,PACF,10247
GTI,20250717 04:04:08.230000,0,0.1,19,0.1,82,REGULAR,REGULAR,EDGX,10247
GTI,20250717 04:04:09.208000,0,0.1,19,0.1,82,REGULAR,REGULAR,EDGX,10247
GTI,20250717 04:04:09.368000,0,0.1,19,0.1,82,REGULAR,REGULAR,EDGX,10247
GTI,20250717 04:04:10.207000,0,0.1,19,0.1,82,REGULAR,REGULAR,EDGX,10247
GTI,20250717 04:04:10.293000,0,0.1,19,0.1,82,REGULAR,REGULAR,EDGX,10247
GTI,20250717 04:04:12.236000,0,0.1,19,0.1,82,REGULAR,REGULAR,EDGX,10247
GTI,20250717 04:04:12.310000,0,0.1,19,0.1,82,REGULAR,REGULAR,EDGX,10247
GTI,20250717 04:04:19.330000,0,0.1,1,0.1,82,REGULAR,REGULAR,EDGX,10247
GTI,20250717 04:04:19.380000,0,0.1,1,0.1,82,REGULAR,REGULAR,EDGX,10247
GTI,20250717 04:04:19.380000,0,0.1,1,0.1,82,REGULAR,REGULAR,EDGX,10247
GTI,20250717 04:04:21.215000,0,0.1,1,0.1,82,REGULAR,REGULAR,EDGX,10247
GTI,20250717 04:04:22.209000,0,0.1,1,0.1,82,REGULAR,REGULAR,EDGX,10247
GTI,20250717 04:04:27.319000,0,0.1,4,0.1,82,REGULAR,REGULAR,PACF,10247
GTI,20250717 04:04:27.319000,0,0.1,4,0.1,82,REGULAR,REGULAR,PACF,10247
GTI,20250717 04:04:28.297000,0,0.1,4,0.1,82,REGULAR,REGULAR,PACF,10247
GTI,20250717 04:04:29.189000,0,0.1,1,0.1,1,REGULAR,REGULAR,EDGX,10305
GTI,20250717 04:04:29.441000,0,0.1,1,0.1,1,REGULAR,REGULAR,EDGX,10305
GTI,20250717 04:04:30.186000,0,0.1,1,0.1,82,REGULAR,REGULAR,PACF,10247
GTI,20250717 04:04:30.186000,0,0.1,1,0.1,82,REGULAR,REGULAR,PACF,10247
GTI,20250717 04:04:30.187000,0,0.1,5,0.1,82,REGULAR,REGULAR,PACF,10247
GTI,20250717 04:04:30.330000,0,0.1,4,0.1,82,REGULAR,REGULAR,PACF,10247
GTI,20250717 04:04:31.245000,0,0.1,4,0.1,82,REGULAR,REGULAR,PACF,10247
GTI,20250717 04:04:31.396000,0,0.1,4,0.1,82,REGULAR,REGULAR,PACF,10247
GTI,20250717 04:04:31.396000,0,0.1,4,0.1,82,REGULAR,REGULAR,PACF,10247
GTI,20250717 04:04:31.396000,0,0.1,4,0.1,82,REGULAR,REGULAR,PACF,10247
GTI,20250717 04:04:34.821000,0,0.1,1,0.1,82,REGULAR,REGULAR,EDGX,10247
GTI,20250717 04:04:35.674000,0,0.1,1,0.1,82,REGULAR,REGULAR,EDGX,10247
GTI,20250717 04:04:35.674000,0,0.1,1,0.1,82,REGULAR,REGULAR,EDGX,10247
GTI,20250717 04:04:36.969000,0,0.1,1,0.1,82,REGULAR,REGULAR,EDGX,10247
GTI,20250717 04:04:36.972000,0,0.1,20,0.1,82,REGULAR,REGULAR,EDGX,10247
GTI,20250717 04:04:36.972000,0,0.1,20,0.1,82,REGULAR,REGULAR,EDGX,10247
GTI,20250717 04:04:39.397000,0,0.1,10,0.1,82,REGULAR,REGULAR,PACF,10247
GTI,20250717 04:04:39.413000,0,0.1,10,0.1,82,REGULAR,REGULAR,PACF,10247
GTI,20250717 04:04:41.312000,0,0.1,10,0.1,82,REGULAR,REGULAR,PACF,10247
GTI,20250717 04:04:41.327000,0,0.1,10,0.1,82,REGULAR,REGULAR,PACF,10247
GTI,20250717 04:04:42.400000,0,0.1,10,0.1,82,REGULAR,REGULAR,PACF,10247
GTI,20250717 04:04:42.428000,0,0.1,10,0.1,82,REGULAR,REGULAR,PACF,10247
GTI,20250717 04:04:42.682000,0,0.1,10,0.1,82,REGULAR,REGULAR,PACF,10247
GTI,20250717 04:04:43.228000,0,0.1,10,0.1,1,REGULAR,REGULAR,PACF,10247
GTI,20250717 04:04:44.561000,0,0.1,5,0.1,46,REGULAR,REGULAR,PACF,10247
GTI,20250717 04:04:44.561000,0,0.1,5,0.1,46,REGULAR,REGULAR,PACF,10247
GTI,20250717 04:04:44.561000,0,0.1,5,0.1,46,REGULAR,REGULAR,PACF,10247
GTI,20250717 04:04:44.561000,0,0.1,5,0.1,46,REGULAR,REGULAR,PACF,10247
GTI,20250717 04:04:44.561000,0,0.1,5,0.1,46,REGULAR,REGULAR,PACF,10247
GTI,20250717 04:04:44.878000,0,0.1,5,0.1,46,REGULAR,REGULAR,PACF,10247
GTI,20250717 04:04:50.828000,0,0.1,20,0.1,500,REGULAR,REGULAR,EDGX,10313
GTI,20250717 04:04:50.828000,0,0.1,20,0.1,500,REGULAR,REGULAR,EDGX,10313
GTI,20250717 04:04:55.825000,0,0.1,20,0.1,500,REGULAR,REGULAR,EDGX,10313
GTI,20250717 04:04:56.392000,0,0.1,20,0.1,500,REGULAR,REGULAR,EDGX,10313
GTI,20250717 04:04:57.505000,0,0.1,20,0.1,500,REGULAR,REGULAR,EDGX,10313
GTI,20250717 04:04:58.517000,0,0.1,20,0.1,500,REGULAR,REGULAR,EDGX,10313
GTI,20250717 04:04:59.744000,0,0.1,20,0.1,500,REGULAR,REGULAR,EDGX,10313
GTI,20250717 04:05:05.507000,0,0.1,20,0.1,40,REGULAR,REGULAR,EDGX,10247
GTI,20250717 04:05:05.724000,0,0.1,20,0.1,40,REGULAR,REGULAR,EDGX,10247
GTI,20250717 04:05:06.308000,0,0.1,20,0.1,40,REGULAR,REGULAR,EDGX,10247
GTI,20250717 04:05:06.974000,0,0.1,20,0.1,40,REGULAR,REGULAR,EDGX,10247
GTI,20250717 04:05:07.878000,0,0.1,20,0.1,40,REGULAR,REGULAR,EDGX,10247
GTI,20250717 04:05:08.242000,0,0.1,19,0.1,1,REGULAR,REGULAR,EDGX,10247
GTI,20250717 04:05:08.244000,0,0.1,18,0.1,40,REGULAR,REGULAR,EDGX,10247
GTI,20250717 04:05:09.330000,0,0.1,18,0.1,40,REGULAR,REGULAR,EDGX,10247
GTI,20250717 04:05:12.521000,0,0.1,18,0.1,82,REGULAR,REGULAR,EDGX,10247
GTI,20250717 04:05:12.521000,0,0.1,18,0.1,82,REGULAR,REGULAR,EDGX,10247
GTI,20250717 04:05:15.235000,0,0.1,18,0.1,3050,REGULAR,REGULAR,EDGX,10247
GTI,20250717 04:05:16.873000,0,0.1,19,0.1,1,REGULAR,REGULAR,EDGX,10247
GTI,20250717 04:05:16.873000,0,0.1,19,0.1,1,REGULAR,REGULAR,EDGX,10247
GTI,20250717 04:05:16.873000,0,0.1,19,0.1,1,REGULAR,REGULAR,EDGX,10247
GTI,20250717 04:05:16.873000,0,0.1,19,0.1,1,REGULAR,REGULAR,EDGX,10247
GTI,20250717 04:05:16.873000,0,0.1,19,0.1,1,REGULAR,REGULAR,EDGX,10247
GTI,20250717 04:05:16.873000,0,0.1,19,0.1,1,REGULAR,REGULAR,EDGX,10247
GTI,20250717 04:05:16.873000,0,0.1,19,0.1,1,REGULAR,REGULAR,EDGX,10247
GTI,20250717 04:05:16.873000,0,0.1,19,0.1,1,REGULAR,REGULAR,EDGX,10247
GTI,20250717 04:05:16.873000,0,0.1,19,0.1,1,REGULAR,REGULAR,EDGX,10247
GTI,20250717 04:05:16.873000,0,0.1,19,0.1,1,REGULAR,REGULAR,EDGX,10247
GTI,20250717 04:05:16.873000,0,0.1,19,0.1,1,REGULAR,REGULAR,EDGX,10247
GTI,20250717 04:05:16.873000,0,0.1,19,0.1,1,REGULAR,REGULAR,EDGX,10247
GTI,20250717 04:05:16.873000,0,0.1,19,0.1,1,REGULAR,REGULAR,EDGX,10247
GTI,20250717 04:05:16.873000,0,0.1,19,0.1,1,REGULAR,REGULAR,EDGX,10247
GTI,20250717 04:05:18.328000,0,0.1,4,0.1,3050,REGULAR,REGULAR,EDGX,10247
GTI,20250717 04:05:19.292000,0,0.1,4,0.1,3050,REGULAR,REGULAR,EDGX,10247
GTI,20250717 04:05:22.400000,0,0.1,63,0.1,3050,REGULAR,REGULAR,PACF,10247
GTI,20250717 04:05:22.400000,0,0.1,63,0.1,3050,REGULAR,REGULAR,PACF,10247
GTI,20250717 04:05:22.400000,0,0.1,63,0.1,3050,REGULAR,REGULAR,PACF,10247
GTI,20250717 04:05:22.400000,0,0.1,63,0.1,3050,REGULAR,REGULAR,PACF,10247
GTI,20250717 04:05:22.400000,0,0.1,63,0.1,3050,REGULAR,REGULAR,PACF,10247
GTI,20250717 04:05:22.699000,0,0.1,63,0.1,3050,REGULAR,REGULAR,PACF,10247
GTI,20250717 04:05:26.423000,0,0.1,89,0.1,3050,REGULAR,REGULAR,PACF,10247
GTI,20250717 04:05:26.423000,0,0.1,89,0.1,3050,REGULAR,REGULAR,PACF,10247
GTI,20250717 04:05:27.207000,0,0.1,64,0.1,3050,REGULAR,REGULAR,PACF,10247
GTI,20250717 04:05:27.207000,0,0.1,64,0.1,3050,REGULAR,REGULAR,PACF,10247
GTI,20250717 04:05:27.670000,0,0.1,45,0.1,3050,REGULAR,REGULAR,PACF,10247
GTI,20250717 04:05:27.942000,0,0.1,33,0.1,3050,REGULAR,REGULAR,PACF,10247
GTI,20250717 04:05:27.942000,0,0.1,33,0.1,3050,REGULAR,REGULAR,PACF,10247
GTI,20250717 04:05:27.942000,0,0.1,33,0.1,3050,REGULAR,REGULAR,PACF,10247
GTI,20250717 04:05:29.271000,0,0.1,10,0.1,221,REGULAR,REGULAR,EDGX,10247
GTI,20250717 04:05:29.271000,0,0.1,10,0.1,221,REGULAR,REGULAR,EDGX,10247
GTI,20250717 04:05:29.271000,0,0.1,10,0.1,221,REGULAR,REGULAR,EDGX,10247
GTI,20250717 04:05:30.348000,0,0.1,12,0.1,221,REGULAR,REGULAR,PACF,10247
GTI,20250717 04:05:30.998000,0,0.1,12,0.1,221,REGULAR,REGULAR,PACF,10247
GTI,20250717 04:05:32.351000,0,0.1,12,0.1,221,REGULAR,REGULAR,PACF,10247
GTI,20250717 04:05:35.308000,0,0.1,12,0.1,221,REGULAR,REGULAR,PACF,10247
GTI,20250717 04:05:35.436000,0,0.1,10,0.1,1,REGULAR,REGULAR,PACF,10247
GTI,20250717 04:05:35.436000,0,0.1,10,0.1,1,REGULAR,REGULAR,PACF,10247
GTI,20250717 04:05:35.436000,0,0.1,10,0.1,1,REGULAR,REGULAR,PACF,10247
GTI,20250717 04:05:38.116000,0,0.1,10,0.1,221,REGULAR,REGULAR,PACF,10247
GTI,20250717 04:05:41.826000,0,0.1,10,0.1,221,REGULAR,REGULAR,PACF,10247
GTI,20250717 04:05:48.238000,0,0.1,10,0.1,334,REGULAR,REGULAR,PACF,10247
GTI,20250717 04:05:50.718000,0,0.1,10,0.1,367,REGULAR,REGULAR,PACF,10247
GTI,20250717 04:05:51.606000,0,0.1,10,0.1,367,REGULAR,REGULAR,PACF,10247
GTI,20250717 04:05:55.933000,0,0.1,10,0.1,429,REGULAR,REGULAR,PACF,10313
GTI,20250717 04:06:01.502000,0,0.1,10,0.1,24,REGULAR,REGULAR,PACF,10247
GTI,20250717 04:06:10.127000,0,0.1,20,0.1,25,REGULAR,REGULAR,PACF,10247
GTI,20250717 04:06:15.137000,0,0.1,20,0.1,25,REGULAR,REGULAR,PACF,10247
GTI,20250717 04:06:24.857000,0,0.1,20,0.1,3,REGULAR,REGULAR,PACF,10305
GTI,20250717 04:06:27.493000,0,0.1,20,0.1,3,REGULAR,REGULAR,PACF,10305
GTI,20250717 04:06:31.638000,0,0.1,20,0.1,3,REGULAR,REGULAR,PACF,10305
GTI,20250717 04:06:31.638000,0,0.1,20,0.1,3,REGULAR,REGULAR,PACF,10305
GTI,20250717 04:06:31.638000,0,0.1,20,0.1,3,REGULAR,REGULAR,PACF,10305
GTI,20250717 04:06:31.639000,0,0.1,20,0.1,3,REGULAR,REGULAR,PACF,10305
GTI,20250717 04:06:33.475000,0,0.1,37,0.1,3,REGULAR,REGULAR,PACF,10305
GTI,20250717 04:06:41.473000,0,0.1,37,0.1,3,REGULAR,REGULAR,PACF,10305
GTI,20250717 04:06:42.765000,0,0.1,37,0.1,3,REGULAR,REGULAR,PACF,10305
GTI,20250717 04:06:46.070000,0,0.1,37,0.1,3,REGULAR,REGULAR,PACF,10305
GTI,20250717 04:06:58.098000,0,0.1,37,0.1,3,REGULAR,REGULAR,PACF,10305
GTI,20250717 04:06:58.538000,0,0.1,37,0.1,3,REGULAR,REGULAR,PACF,10305
GTI,20250717 04:07:03.477000,0,0.1,37,0.1,195,REGULAR,REGULAR,PACF,10241
GTI,20250717 04:07:03.477000,0,0.1,37,0.1,195,REGULAR,REGULAR,PACF,10241
GTI,20250717 04:07:03.831000,0,0.1,37,0.1,195,REGULAR,REGULAR,PACF,10241
GTI,20250717 04:07:08.046000,0,0.1,37,0.1,195,REGULAR,REGULAR,PACF,10241
GTI,20250717 04:07:09.249000,0,0.1,37,0.1,195,REGULAR,REGULAR,PACF,10241
GTI,20250717 04:07:09.616000,0,0.1,37,0.1,195,REGULAR,REGULAR,PACF,10241
GTI,20250717 04:07:10.998000,0,0.1,37,0.1,195,REGULAR,REGULAR,PACF,10241
GTI,20250717 04:07:12.598000,0,0.1,37,0.1,195,REGULAR,REGULAR,PACF,10241
GTI,20250717 04:07:14.852000,0,0.1,37,0.1,195,REGULAR,REGULAR,PACF,10241
GTI,20250717 04:07:15.054000,0,0.1,37,0.1,195,REGULAR,REGULAR,PACF,10241
GTI,20250717 04:07:15.206000,0,0.1,37,0.1,195,REGULAR,REGULAR,PACF,10241
GTI,20250717 04:07:15.206000,0,0.1,37,0.1,195,REGULAR,REGULAR,PACF,10241
GTI,20250717 04:07:19.745000,0,0.1,37,0.1,195,REGULAR,REGULAR,PACF,10241
GTI,20250717 04:07:19.867000,0,0.1,37,0.1,195,REGULAR,REGULAR,PACF,10241
GTI,20250717 04:07:20.316000,0,0.1,37,0.1,195,REGULAR,REGULAR,PACF,10241
GTI,20250717 04:07:20.317000,0,0.1,37,0.1,195,REGULAR,REGULAR,PACF,10241
GTI,20250717 04:07:20.317000,0,0.1,37,0.1,195,REGULAR,REGULAR,PACF,10241
GTI,20250717 04:07:21.525000,0,0.1,37,0.1,2,REGULAR,REGULAR,PACF,10247
GTI,20250717 04:07:22.229000,0,0.1,37,0.1,2,REGULAR,REGULAR,PACF,10247
GTI,20250717 04:07:23.673000,0,0.1,17,0.1,2,REGULAR,REGULAR,PACF,10247
GTI,20250717 04:07:23.673000,0,0.1,17,0.1,2,REGULAR,REGULAR,PACF,10247
GTI,20250717 04:07:23.673000,0,0.1,17,0.1,2,REGULAR,REGULAR,PACF,10247
GTI,20250717 04:07:23.673000,0,0.1,17,0.1,2,REGULAR,REGULAR,PACF,10247
GTI,20250717 04:07:23.673000,0,0.1,17,0.1,2,REGULAR,REGULAR,PACF,10247
GTI,20250717 04:07:23.965000,0,0.1,17,0.1,2,REGULAR,REGULAR,PACF,10247
GTI,20250717 04:07:24.938000,0,0.1,17,0.1,2,REGULAR,REGULAR,PACF,10247
GTI,20250717 04:07:24.938000,0,0.1,17,0.1,2,REGULAR,REGULAR,PACF,10247
GTI,20250717 04:07:24.938000,0,0.1,17,0.1,2,REGULAR,REGULAR,PACF,10247
GTI,20250717 04:07:24.939000,0,0.1,17,0.1,2,REGULAR,REGULAR,PACF,10247
GTI,20250717 04:07:24.940000,0,0.1,15,0.1,1,REGULAR,REGULAR,PACF,10241
GTI,20250717 04:07:24.940000,0,0.1,15,0.1,1,REGULAR,REGULAR,PACF,10241
GTI,20250717 04:07:24.940000,0,0.1,15,0.1,1,REGULAR,REGULAR,PACF,10241
GTI,20250717 04:07:24.946000,0,0.1,14,0.1,1,REGULAR,REGULAR,PACF,10241
GTI,20250717 04:07:25.159000,0,0.1,7,0.1,1,REGULAR,REGULAR,PACF,10241
GTI,20250717 04:07:25.159000,0,0.1,7,0.1,1,REGULAR,REGULAR,PACF,10241
GTI,20250717 04:07:25.159000,0,0.1,7,0.1,1,REGULAR,REGULAR,PACF,10241
GTI,20250717 04:07:27.163000,0,0.1,7,0.1,1,REGULAR,REGULAR,PACF,10241
GTI,20250717 04:07:27.163000,0,0.1,7,0.1,1,REGULAR,REGULAR,PACF,10241
GTI,20250717 04:07:27.470000,0,0.1,276,0.1,1,REGULAR,REGULAR,PACF,10241
GTI,20250717 04:07:27.471000,0,0.1,15,0.1,195,REGULAR,REGULAR,PACF,10241
GTI,20250717 04:07:27.471000,0,0.1,15,0.1,195,REGULAR,REGULAR,PACF,10241
GTI,20250717 04:07:27.471000,0,0.1,15,0.1,195,REGULAR,REGULAR,PACF,10241
GTI,20250717 04:07:27.471000,0,0.1,15,0.1,195,REGULAR,REGULAR,PACF,10241
GTI,20250717 04:07:27.471000,0,0.1,15,0.1,195,REGULAR,REGULAR,PACF,10241
GTI,20250717 04:07:27.476000,0,0.1,15,0.1,27,REGULAR,REGULAR,PACF,10247
GTI,20250717 04:07:31.341000,0,0.1,276,0.1,44,REGULAR,REGULAR,PACF,10305
GTI,20250717 04:07:31.345000,0,0.1,276,0.1,44,REGULAR,REGULAR,PACF,10305
GTI,20250717 04:07:33.850000,0,0.1,273,0.1,13,REGULAR,REGULAR,PACF,10247
GTI,20250717 04:07:33.850000,0,0.1,273,0.1,13,REGULAR,REGULAR,PACF,10247
GTI,20250717 04:07:35.225000,0,0.1,30,0.1,7,REGULAR,REGULAR,EDGX,10247
GTI,20250717 04:07:35.225000,0,0.1,30,0.1,7,REGULAR,REGULAR,EDGX,10247
GTI,20250717 04:07:40.733000,0,0.1,30,0.1,7,REGULAR,REGULAR,EDGX,10247
GTI,20250717 04:07:42.615000,0,0.1,19,0.1,195,REGULAR,REGULAR,EDGX,10241
GTI,20250717 04:07:43.205000,0,0.1,263,0.1,410,REGULAR,REGULAR,PACF,10313
GTI,20250717 04:07:43.206000,0,0.1,263,0.1,170,REGULAR,REGULAR,PACF,10313
GTI,20250717 04:07:44.635000,0,0.1,263,0.1,150,REGULAR,REGULAR,PACF,10313
GTI,20250717 04:07:45.076000,0,0.1,203,0.1,150,REGULAR,REGULAR,PACF,10313
GTI,20250717 04:07:46.591000,0,0.1,203,0.1,140,REGULAR,REGULAR,PACF,10313
GTI,20250717 04:07:47.241000,0,0.1,163,0.1,140,REGULAR,REGULAR,PACF,10313
GTI,20250717 04:07:50.378000,0,0.1,163,0.1,140,REGULAR,REGULAR,PACF,10313
GTI,20250717 04:07:50.503000,0,0.1,163,0.1,131,REGULAR,REGULAR,PACF,10313
GTI,20250717 04:07:51.515000,0,0.1,163,0.1,101,REGULAR,REGULAR,PACF,10313
GTI,20250717 04:07:53.149000,0,0.1,161,0.1,94,REGULAR,REGULAR,PACF,10313
GTI,20250717 04:07:55.617000,0,0.1,136,0.1,94,REGULAR,REGULAR,PACF,10313
GTI,20250717 04:07:56.122000,0,0.1,120,0.1,94,REGULAR,REGULAR,PACF,10313
GTI,20250717 04:07:57.266000,0,0.1,120,0.1,7,REGULAR,REGULAR,PACF,10313
GTI,20250717 04:07:57.266000,0,0.1,120,0.1,7,REGULAR,REGULAR,PACF,10313
GTI,20250717 04:07:57.266000,0,0.1,120,0.1,7,REGULAR,REGULAR,PACF,10313
GTI,20250717 04:07:57.266000,0,0.1,120,0.1,7,REGULAR,REGULAR,PACF,10313
GTI,20250717 04:07:57.267000,0,0.1,120,0.1,20,REGULAR,REGULAR,PACF,10247
GTI,20250717 04:07:57.409000,0,0.1,120,0.1,20,REGULAR,REGULAR,PACF,10247
GTI,20250717 04:07:58.206000,0,0.1,148,0.1,7,REGULAR,REGULAR,PACF,10247
GTI,20250717 04:07:58.206000,0,0.1,148,0.1,7,REGULAR,REGULAR,PACF,10247
GTI,20250717 04:07:58.791000,0,0.1,134,0.1,7,REGULAR,REGULAR,PACF,10247
GTI,20250717 04:07:58.973000,0,0.1,134,0.1,7,REGULAR,REGULAR,PACF,10247
GTI,20250717 04:07:59.005000,0,0.1,20,0.1,13,REGULAR,REGULAR,PACF,10247
GTI,20250717 04:07:59.008000,0,0.1,20,0.1,13,REGULAR,REGULAR,PACF,10247
GTI,20250717 04:07:59.008000,0,0.1,20,0.1,13,REGULAR,REGULAR,PACF,10247
GTI,20250717 04:07:59.009000,0,0.1,20,0.1,2,REGULAR,REGULAR,PACF,10283
GTI,20250717 04:07:59.009000,0,0.1,20,0.1,2,REGULAR,REGULAR,PACF,10283
GTI,20250717 04:07:59.171000,0,0.1,5,0.1,2,REGULAR,REGULAR,PACF,10283
GTI,20250717 04:07:59.171000,0,0.1,5,0.1,2,REGULAR,REGULAR,PACF,10283
GTI,20250717 04:07:59.345000,0,0.1,70,0.1,2,REGULAR,REGULAR,PACF,10283
GTI,20250717 04:07:59.345000,0,0.1,70,0.1,2,REGULAR,REGULAR,PACF,10283
GTI,20250717 04:07:59.662000,0,0.1,61,0.1,2,REGULAR,REGULAR,PACF,10283
GTI,20250717 04:07:59.861000,0,0.1,11,0.1,2,REGULAR,REGULAR,PACF,10283
GTI,20250717 04:07:59.861000,0,0.1,11,0.1,2,REGULAR,REGULAR,PACF,10283
GTI,20250717 04:07:59.861000,0,0.1,11,0.1,2,REGULAR,REGULAR,PACF,10283
GTI,20250717 04:07:59.861000,0,0.1,11,0.1,2,REGULAR,REGULAR,PACF,10283
GTI,20250717 04:07:59.861000,0,0.1,11,0.1,2,REGULAR,REGULAR,PACF,10283
GTI,20250717 04:07:59.861000,0,0.1,11,0.1,2,REGULAR,REGULAR,PACF,10283
GTI,20250717 04:07:59.867000,0,0.1,11,0.1,2,REGULAR,REGULAR,PACF,10283
GTI,20250717 04:08:01.993000,0,0.1,151,0.1,2,REGULAR,REGULAR,NQEX,10283
GTI,20250717 04:08:01.993000,0,0.1,151,0.1,2,REGULAR,REGULAR,NQEX,10283
GTI,20250717 04:08:01.994000,0,0.1,150,0.1,35,REGULAR,REGULAR,NQEX,10247
GTI,20250717 04:08:01.994000,0,0.1,150,0.1,35,REGULAR,REGULAR,NQEX,10247
GTI,20250717 04:08:02.150000,0,0.1,150,0.1,20,REGULAR,REGULAR,NQEX,10247
GTI,20250717 04:08:02.150000,0,0.1,150,0.1,20,REGULAR,REGULAR,NQEX,10247
GTI,20250717 04:08:02.150000,0,0.1,150,0.1,20,REGULAR,REGULAR,NQEX,10247
GTI,20250717 04:08:02.150000,0,0.1,150,0.1,20,REGULAR,REGULAR,NQEX,10247
GTI,20250717 04:08:02.150000,0,0.1,150,0.1,20,REGULAR,REGULAR,NQEX,10247
GTI,20250717 04:08:02.259000,0,0.1,150,0.1,8,REGULAR,REGULAR,NQEX,10305
GTI,20250717 04:08:02.522000,0,0.1,43,0.1,8,REGULAR,REGULAR,EDGX,10305
GTI,20250717 04:08:02.522000,0,0.1,43,0.1,8,REGULAR,REGULAR,EDGX,10305
GTI,20250717 04:08:02.522000,0,0.1,43,0.1,8,REGULAR,REGULAR,EDGX,10305
GTI,20250717 04:08:02.522000,0,0.1,43,0.1,8,REGULAR,REGULAR,EDGX,10305
GTI,20250717 04:08:02.522000,0,0.1,43,0.1,8,REGULAR,REGULAR,EDGX,10305
GTI,20250717 04:08:02.522000,0,0.1,43,0.1,8,REGULAR,REGULAR,EDGX,10305
GTI,20250717 04:08:02.522000,0,0.1,43,0.1,8,REGULAR,REGULAR,EDGX,10305
GTI,20250717 04:08:02.522000,0,0.1,43,0.1,8,REGULAR,REGULAR,EDGX,10305
GTI,20250717 04:08:02.522000,0,0.1,43,0.1,8,REGULAR,REGULAR,EDGX,10305
GTI,20250717 04:08:02.523000,0,0.1,10,0.1,30,REGULAR,REGULAR,EDGX,10247
GTI,20250717 04:08:02.523000,0,0.1,10,0.1,30,REGULAR,REGULAR,EDGX,10247
GTI,20250717 04:08:02.523000,0,0.1,10,0.1,30,REGULAR,REGULAR,EDGX,10247
GTI,20250717 04:08:02.523000,0,0.1,10,0.1,30,REGULAR,REGULAR,EDGX,10247
GTI,20250717 04:08:02.523000,0,0.1,10,0.1,30,REGULAR,REGULAR,EDGX,10247
GTI,20250717 04:08:02.523000,0,0.1,10,0.1,30,REGULAR,REGULAR,EDGX,10247
GTI,20250717 04:08:02.523000,0,0.1,10,0.1,30,REGULAR,REGULAR,EDGX,10247
GTI,20250717 04:08:02.523000,0,0.1,10,0.1,30,REGULAR,REGULAR,EDGX,10247
GTI,20250717 04:08:02.523000,0,0.1,10,0.1,30,REGULAR,REGULAR,EDGX,10247
GTI,20250717 04:08:02.523000,0,0.1,10,0.1,30,REGULAR,REGULAR,EDGX,10247
GTI,20250717 04:08:02.523000,0,0.1,10,0.1,30,REGULAR,REGULAR,EDGX,10247
GTI,20250717 04:08:02.523000,0,0.1,10,0.1,30,REGULAR,REGULAR,EDGX,10247
GTI,20250717 04:08:02.523000,0,0.1,10,0.1,30,REGULAR,REGULAR,EDGX,10247
GTI,20250717 04:08:02.523000,0,0.1,10,0.1,30,REGULAR,REGULAR,EDGX,10247
GTI,20250717 04:08:02.523000,0,0.1,10,0.1,30,REGULAR,REGULAR,EDGX,10247
GTI,20250717 04:08:02.523000,0,0.1,10,0.1,30,REGULAR,REGULAR,EDGX,10247
GTI,20250717 04:08:02.523000,0,0.1,10,0.1,30,REGULAR,REGULAR,EDGX,10247
GTI,20250717 04:08:02.523000,0,0.1,10,0.1,30,REGULAR,REGULAR,EDGX,10247
GTI,20250717 04:08:02.523000,0,0.1,10,0.1,30,REGULAR,REGULAR,EDGX,10247
GTI,20250717 04:08:02.523000,0,0.1,10,0.1,30,REGULAR,REGULAR,EDGX,10247
GTI,20250717 04:08:02.523000,0,0.1,10,0.1,30,REGULAR,REGULAR,EDGX,10247
GTI,20250717 04:08:02.525000,0,0.1,10,0.1,8,REGULAR,REGULAR,NQEX,10305
GTI,20250717 04:08:02.525000,0,0.1,10,0.1,8,REGULAR,REGULAR,NQEX,10305
GTI,20250717 04:08:02.525000,0,0.1,10,0.1,8,REGULAR,REGULAR,NQEX,10305
GTI,20250717 04:08:02.897000,0,0.09,5,0.09,29,REGULAR,REGULAR,PACF,10247
GTI,20250717 04:08:02.897000,0,0.09,5,0.09,29,REGULAR,REGULAR,PACF,10247
GTI,20250717 04:08:02.897000,0,0.09,5,0.09,29,REGULAR,REGULAR,PACF,10247
GTI,20250717 04:08:02.897000,0,0.09,5,0.09,29,REGULAR,REGULAR,PACF,10247
GTI,20250717 04:08:02.897000,0,0.09,5,0.09,29,REGULAR,REGULAR,PACF,10247
GTI,20250717 04:08:02.897000,0,0.09,5,0.09,29,REGULAR,REGULAR,PACF,10247
GTI,20250717 04:08:02.898000,0,0.09,5,0.09,9,REGULAR,REGULAR,PACF,10247
GTI,20250717 04:08:03.948000,0,0.09,15,0.09,9,REGULAR,REGULAR,PACF,10247
GTI,20250717 04:08:05.550000,0,0.09,15,0.09,9,REGULAR,REGULAR,PACF,10247
GTI,20250717 04:08:06.200000,0,0.09,201,0.09,15,REGULAR,REGULAR,EDGX,10247
GTI,20250717 04:08:06.200000,0,0.09,201,0.09,15,REGULAR,REGULAR,EDGX,10247
GTI,20250717 04:08:06.200000,0,0.09,201,0.09,15,REGULAR,REGULAR,EDGX,10247
GTI,20250717 04:08:06.200000,0,0.09,201,0.09,15,REGULAR,REGULAR,EDGX,10247
GTI,20250717 04:08:06.200000,0,0.09,201,0.09,15,REGULAR,REGULAR,EDGX,10247
GTI,20250717 04:08:06.200000,0,0.09,201,0.09,15,REGULAR,REGULAR,EDGX,10247
GTI,20250717 04:08:06.200000,0,0.09,201,0.09,15,REGULAR,REGULAR,EDGX,10247
GTI,20250717 04:08:06.599000,0,0.09,201,0.09,9,REGULAR,REGULAR,EDGX,10247
GTI,20250717 04:08:06.626000,0,0.09,101,0.09,9,REGULAR,REGULAR,EDGX,10247
GTI,20250717 04:08:07.542000,0,0.09,101,0.09,9,REGULAR,REGULAR,EDGX,10247
GTI,20250717 04:08:07.653000,0,0.09,101,0.09,9,REGULAR,REGULAR,EDGX,10247
GTI,20250717 04:08:08.628000,0,0.09,1,0.09,9,REGULAR,REGULAR,EDGX,10247
GTI,20250717 04:08:08.628000,0,0.09,1,0.09,9,REGULAR,REGULAR,EDGX,10247
GTI,20250717 04:08:10.442000,0,0.09,15,0.1,195,REGULAR,REGULAR,PACF,10241
GTI,20250717 04:08:10.442000,0,0.09,15,0.1,195,REGULAR,REGULAR,PACF,10241
GTI,20250717 04:08:10.442000,0,0.09,15,0.1,195,REGULAR,REGULAR,PACF,10241
GTI,20250717 04:08:10.442000,0,0.09,15,0.1,195,REGULAR,REGULAR,PACF,10241
GTI,20250717 04:08:10.443000,0,0.09,15,0.1,195,REGULAR,REGULAR,PACF,10241
GTI,20250717 04:08:10.444000,0,0.1,7,0.1,195,REGULAR,REGULAR,NQEX,10241
GTI,20250717 04:08:10.444000,0,0.1,7,0.1,195,REGULAR,REGULAR,NQEX,10241
GTI,20250717 04:08:10.881000,0,0.09,15,0.1,195,REGULAR,REGULAR,PACF,10241
GTI,20250717 04:08:10.882000,0,0.1,29,0.1,195,REGULAR,REGULAR,NQEX,10241
GTI,20250717 04:08:11.195000,0,0.1,29,0.1,195,REGULAR,REGULAR,NQEX,10241
GTI,20250717 04:08:12.305000,0,0.1,23,0.1,195,REGULAR,REGULAR,EDGX,10241
GTI,20250717 04:08:12.305000,0,0.1,23,0.1,195,REGULAR,REGULAR,EDGX,10241
GTI,20250717 04:08:12.305000,0,0.1,23,0.1,195,REGULAR,REGULAR,EDGX,10241
GTI,20250717 04:08:12.305000,0,0.1,23,0.1,195,REGULAR,REGULAR,EDGX,10241
GTI,20250717 04:08:12.306000,0,0.09,70,0.09,1,REGULAR,REGULAR,PACF,10247
GTI,20250717 04:08:12.308000,0,0.09,15,0.09,32,REGULAR,REGULAR,PACF,10247
GTI,20250717 04:08:12.309000,0,0.1,23,0.1,5,REGULAR,REGULAR,EDGX,10247
GTI,20250717 04:08:12.309000,0,0.1,23,0.1,5,REGULAR,REGULAR,EDGX,10247
GTI,20250717 04:08:12.309000,0,0.1,23,0.1,5,REGULAR,REGULAR,EDGX,10247
GTI,20250717 04:08:12.309000,0,0.1,23,0.1,5,REGULAR,REGULAR,EDGX,10247
GTI,20250717 04:08:12.309000,0,0.1,23,0.1,5,REGULAR,REGULAR,EDGX,10247
GTI,20250717 04:08:13.738000,0,0.1,14,0.1,195,REGULAR,REGULAR,EDGX,10241
GTI,20250717 04:08:13.918000,0,0.09,3,0.1,181,REGULAR,REGULAR,PACF,10305
GTI,20250717 04:08:13.920000,0,0.09,3,0.1,75,REGULAR,REGULAR,PACF,10305
GTI,20250717 04:08:16.390000,0,0.09,14,0.1,75,REGULAR,REGULAR,PACF,10305
GTI,20250717 04:08:16.814000,0,0.09,14,0.1,75,REGULAR,REGULAR,PACF,10305
GTI,20250717 04:08:16.815000,0,0.09,14,0.09,15,REGULAR,REGULAR,PACF,10247
GTI,20250717 04:08:17.381000,0,0.09,14,0.1,75,REGULAR,REGULAR,PACF,10305
GTI,20250717 04:08:17.705000,0,0.09,1,0.09,16,REGULAR,REGULAR,PACF,10247
GTI,20250717 04:08:17.705000,0,0.09,1,0.09,16,REGULAR,REGULAR,PACF,10247
GTI,20250717 04:08:17.705000,0,0.09,1,0.09,16,REGULAR,REGULAR,PACF,10247
GTI,20250717 04:08:17.705000,0,0.09,1,0.09,16,REGULAR,REGULAR,PACF,10247
GTI,20250717 04:08:17.705000,0,0.09,1,0.09,16,REGULAR,REGULAR,PACF,10247
GTI,20250717 04:08:17.705000,0,0.09,1,0.09,16,REGULAR,REGULAR,PACF,10247
GTI,20250717 04:08:18.033000,0,0.09,6,0.09,1,REGULAR,REGULAR,PACF,10247
GTI,20250717 04:08:18.033000,0,0.09,6,0.09,1,REGULAR,REGULAR,PACF,10247
GTI,20250717 04:08:18.633000,0,0.09,1,0.09,16,REGULAR,REGULAR,PACF,10247
GTI,20250717 04:08:18.633000,0,0.09,1,0.09,16,REGULAR,REGULAR,PACF,10247
GTI,20250717 04:08:18.633000,0,0.09,1,0.09,16,REGULAR,REGULAR,PACF,10247
GTI,20250717 04:08:18.882000,0,0.09,1,0.09,1,REGULAR,REGULAR,PACF,10247
GTI,20250717 04:08:21.914000,0,0.09,7,0.09,1,REGULAR,REGULAR,PACF,10247
GTI,20250717 04:08:21.914000,0,0.09,7,0.09,1,REGULAR,REGULAR,PACF,10247
GTI,20250717 04:08:21.914000,0,0.09,7,0.09,1,REGULAR,REGULAR,PACF,10247
GTI,20250717 04:08:22.845000,0,0.09,7,0.1,74,REGULAR,REGULAR,PACF,10305
GTI,20250717 04:08:24.186000,0,0.09,17,0.09,16,REGULAR,REGULAR,PACF,10247
GTI,20250717 04:08:24.186000,0,0.09,17,0.09,16,REGULAR,REGULAR,PACF,10247
GTI,20250717 04:08:24.579000,0,0.09,70,0.09,16,REGULAR,REGULAR,PACF,10247
GTI,20250717 04:08:24.579000,0,0.09,70,0.09,16,REGULAR,REGULAR,PACF,10247
GTI,20250717 04:08:24.579000,0,0.09,70,0.09,16,REGULAR,REGULAR,PACF,10247
GTI,20250717 04:08:24.579000,0,0.09,70,0.09,16,REGULAR,REGULAR,PACF,10247
GTI,20250717 04:08:24.579000,0,0.09,70,0.09,16,REGULAR,REGULAR,PACF,10247
GTI,20250717 04:08:24.579000,0,0.09,70,0.09,16,REGULAR,REGULAR,PACF,10247
GTI,20250717 04:08:24.579000,0,0.09,70,0.09,16,REGULAR,REGULAR,PACF,10247
GTI,20250717 04:08:24.748000,0,0.09,69,0.09,1,REGULAR,REGULAR,PACF,10247
GTI,20250717 04:08:24.748000,0,0.09,69,0.09,1,REGULAR,REGULAR,PACF,10247
GTI,20250717 04:08:27.489000,0,0.09,49,0.1,74,REGULAR,REGULAR,MEMX,10305
GTI,20250717 04:08:27.525000,0,0.09,20,0.1,74,REGULAR,REGULAR,PACF,10305
GTI,20250717 04:08:27.525000,0,0.09,20,0.1,74,REGULAR,REGULAR,PACF,10305
GTI,20250717 04:08:28.369000,0,0.09,5,0.09,33,REGULAR,REGULAR,PACF,10247
GTI,20250717 04:08:28.634000,0,0.09,69,0.09,31,REGULAR,REGULAR,PACF,10247
GTI,20250717 04:08:30.590000,0,0.09,69,0.09,462,REGULAR,REGULAR,PACF,10247
GTI,20250717 04:08:30.590000,0,0.09,69,0.09,462,REGULAR,REGULAR,PACF,10247
GTI,20250717 04:08:30.735000,0,0.09,69,0.09,460,REGULAR,REGULAR,PACF,10247
GTI,20250717 04:08:30.933000,0,0.09,69,0.09,460,REGULAR,REGULAR,PACF,10247
GTI,20250717 04:08:32.999000,0,0.09,69,0.09,461,REGULAR,REGULAR,PACF,10247
GTI,20250717 04:08:33.760000,0,0.09,69,0.09,461,REGULAR,REGULAR,PACF,10247
GTI,20250717 04:08:34.863000,0,0.09,69,0.09,455,REGULAR,REGULAR,PACF,10247
GTI,20250717 04:08:34.904000,0,0.09,54,0.09,455,REGULAR,REGULAR,PACF,10247
GTI,20250717 04:08:35.125000,0,0.09,53,0.09,455,REGULAR,REGULAR,PACF,10247
GTI,20250717 04:08:35.187000,0,0.09,5,0.09,16,REGULAR,REGULAR,EDGX,10247
GTI,20250717 04:08:35.187000,0,0.09,5,0.09,16,REGULAR,REGULAR,EDGX,10247
GTI,20250717 04:08:35.187000,0,0.09,5,0.09,16,REGULAR,REGULAR,EDGX,10247
GTI,20250717 04:08:35.187000,0,0.09,5,0.09,16,REGULAR,REGULAR,EDGX,10247
GTI,20250717 04:08:35.187000,0,0.09,5,0.09,16,REGULAR,REGULAR,EDGX,10247
GTI,20250717 04:08:35.187000,0,0.09,5,0.09,16,REGULAR,REGULAR,EDGX,10247
GTI,20250717 04:08:35.187000,0,0.09,5,0.09,16,REGULAR,REGULAR,EDGX,10247
GTI,20250717 04:08:35.187000,0,0.09,5,0.09,16,REGULAR,REGULAR,EDGX,10247
GTI,20250717 04:08:35.187000,0,0.09,5,0.09,16,REGULAR,REGULAR,EDGX,10247
GTI,20250717 04:08:35.187000,0,0.09,5,0.09,16,REGULAR,REGULAR,EDGX,10247
GTI,20250717 04:08:35.187000,0,0.09,5,0.09,16,REGULAR,REGULAR,EDGX,10247
GTI,20250717 04:08:35.187000,0,0.09,5,0.09,16,REGULAR,REGULAR,EDGX,10247
GTI,20250717 04:08:35.187000,0,0.09,5,0.09,16,REGULAR,REGULAR,EDGX,10247
GTI,20250717 04:08:35.187000,0,0.09,5,0.09,16,REGULAR,REGULAR,EDGX,10247
GTI,20250717 04:08:35.187000,0,0.09,5,0.09,16,REGULAR,REGULAR,EDGX,10247
GTI,20250717 04:08:35.187000,0,0.09,5,0.09,16,REGULAR,REGULAR,EDGX,10247
GTI,20250717 04:08:35.187000,0,0.09,5,0.09,16,REGULAR,REGULAR,EDGX,10247
GTI,20250717 04:08:35.341000,0,0.09,5,0.09,4,REGULAR,REGULAR,EDGX,10247
GTI,20250717 04:08:37.361000,0,0.09,9,0.09,50,REGULAR,REGULAR,PACF,10305
GTI,20250717 04:08:39.486000,0,0.09,9,0.09,49,REGULAR,REGULAR,PACF,10305
GTI,20250717 04:08:39.799000,0,0.09,9,0.09,49,REGULAR,REGULAR,PACF,10305
GTI,20250717 04:08:40.723000,0,0.09,3,0.09,49,REGULAR,REGULAR,PACF,10305
GTI,20250717 04:08:41.148000,0,0.09,2,0.09,49,REGULAR,REGULAR,PACF,10305
GTI,20250717 04:08:42.373000,0,0.09,2,0.09,49,REGULAR,REGULAR,PACF,10305
GTI,20250717 04:08:42.374000,0,0.09,1,0.09,1,REGULAR,REGULAR,PACF,10247
GTI,20250717 04:08:43.212000,0,0.09,5,0.09,2,REGULAR,REGULAR,EDGX,10247
GTI,20250717 04:08:43.212000,0,0.09,5,0.09,2,REGULAR,REGULAR,EDGX,10247
GTI,20250717 04:08:43.387000,0,0.09,5,0.09,2,REGULAR,REGULAR,EDGX,10247
GTI,20250717 04:08:43.542000,0,0.09,5,0.09,2,REGULAR,REGULAR,EDGX,10247
GTI,20250717 04:08:43.598000,0,0.09,5,0.09,2,REGULAR,REGULAR,EDGX,10247
GTI,20250717 04:08:43.598000,0,0.09,5,0.09,2,REGULAR,REGULAR,EDGX,10247
GTI,20250717 04:08:43.598000,0,0.09,5,0.09,2,REGULAR,REGULAR,EDGX,10247
GTI,20250717 04:08:43.598000,0,0.09,5,0.09,2,REGULAR,REGULAR,EDGX,10247
GTI,20250717 04:08:43.599000,0,0.09,1,0.09,782,REGULAR,REGULAR,NQEX,10247
GTI,20250717 04:08:43.599000,0,0.09,1,0.09,782,REGULAR,REGULAR,NQEX,10247
GTI,20250717 04:08:43.599000,0,0.09,1,0.09,782,REGULAR,REGULAR,NQEX,10247
GTI,20250717 04:08:43.599000,0,0.09,1,0.09,782,REGULAR,REGULAR,NQEX,10247
GTI,20250717 04:08:46.404000,0,0.09,2,0.09,1,REGULAR,REGULAR,PACF,10247
GTI,20250717 04:08:46.404000,0,0.09,2,0.09,1,REGULAR,REGULAR,PACF,10247
GTI,20250717 04:08:46.404000,0,0.09,2,0.09,1,REGULAR,REGULAR,PACF,10247
GTI,20250717 04:08:46.404000,0,0.09,2,0.09,1,REGULAR,REGULAR,PACF,10247
GTI,20250717 04:08:46.405000,0,0.09,15,0.09,1,REGULAR,REGULAR,PACF,10247
GTI,20250717 04:08:46.460000,0,0.09,5,0.09,1,REGULAR,REGULAR,EDGX,10247
GTI,20250717 04:08:46.892000,0,0.09,16,0.09,1,REGULAR,REGULAR,EDGX,10241
GTI,20250717 04:08:46.892000,0,0.09,16,0.09,1,REGULAR,REGULAR,EDGX,10241
GTI,20250717 04:08:46.920000,0,0.09,16,0.09,1,REGULAR,REGULAR,EDGX,10247
GTI,20250717 04:08:48.276000,0,0.09,16,0.09,782,REGULAR,REGULAR,EDGX,10247
GTI,20250717 04:08:48.323000,0,0.09,1,0.09,778,REGULAR,REGULAR,PACF,10247
GTI,20250717 04:08:48.731000,0,0.09,16,0.09,16,REGULAR,REGULAR,EDGX,10247
GTI,20250717 04:08:48.731000,0,0.09,16,0.09,16,REGULAR,REGULAR,EDGX,10247
GTI,20250717 04:08:48.731000,0,0.09,16,0.09,16,REGULAR,REGULAR,EDGX,10247
GTI,20250717 04:08:51.087000,0,0.09,50,0.09,16,REGULAR,REGULAR,MEMX,10305
GTI,20250717 04:08:51.087000,0,0.09,50,0.09,16,REGULAR,REGULAR,MEMX,10305
GTI,20250717 04:08:51.088000,0,0.09,50,0.09,16,REGULAR,REGULAR,MEMX,10305
GTI,20250717 04:08:51.088000,0,0.09,50,0.09,16,REGULAR,REGULAR,MEMX,10305
GTI,20250717 04:08:51.088000,0,0.09,50,0.09,16,REGULAR,REGULAR,MEMX,10305
GTI,20250717 04:08:51.303000,0,0.09,50,0.09,6,REGULAR,REGULAR,MEMX,10305
GTI,20250717 04:08:51.587000,0,0.09,49,0.09,6,REGULAR,REGULAR,MEMX,10305
GTI,20250717 04:08:52.190000,0,0.09,2,0.09,778,REGULAR,REGULAR,EDGX,10247
GTI,20250717 04:08:52.190000,0,0.09,2,0.09,778,REGULAR,REGULAR,EDGX,10247
GTI,20250717 04:08:52.194000,0,0.09,16,0.09,580,REGULAR,REGULAR,PACF,10247
GTI,20250717 04:08:52.194000,0,0.09,16,0.09,580,REGULAR,REGULAR,PACF,10247
GTI,20250717 04:08:52.194000,0,0.09,16,0.09,580,REGULAR,REGULAR,PACF,10247
GTI,20250717 04:08:54.240000,0,0.09,28,0.09,15,REGULAR,REGULAR,MEMX,10247
GTI,20250717 04:08:54.240000,0,0.09,28,0.09,15,REGULAR,REGULAR,MEMX,10247
GTI,20250717 04:08:54.240000,0,0.09,28,0.09,15,REGULAR,REGULAR,MEMX,10247
GTI,20250717 04:08:54.240000,0,0.09,28,0.09,15,REGULAR,REGULAR,MEMX,10247
GTI,20250717 04:08:54.240000,0,0.09,28,0.09,15,REGULAR,REGULAR,MEMX,10247
GTI,20250717 04:08:54.248000,0,0.09,8,0.09,222,REGULAR,REGULAR,PACF,10247
GTI,20250717 04:08:54.248000,0,0.09,8,0.09,222,REGULAR,REGULAR,PACF,10247
GTI,20250717 04:08:54.249000,0,0.09,15,0.09,16,REGULAR,REGULAR,PACF,10247
GTI,20250717 04:08:54.249000,0,0.09,15,0.09,16,REGULAR,REGULAR,PACF,10247
GTI,20250717 04:08:54.249000,0,0.09,15,0.09,16,REGULAR,REGULAR,PACF,10247
GTI,20250717 04:08:54.250000,0,0.09,20,0.09,15,REGULAR,REGULAR,EDGX,10247
GTI,20250717 04:08:56.994000,0,0.09,15,0.09,2,REGULAR,REGULAR,PACF,10247
GTI,20250717 04:08:56.997000,0,0.09,16,0.09,260,REGULAR,REGULAR,PACF,10247
GTI,20250717 04:08:56.997000,0,0.09,16,0.09,260,REGULAR,REGULAR,PACF,10247
GTI,20250717 04:08:57.000000,0,0.09,1,0.09,249,REGULAR,REGULAR,PACF,10247
GTI,20250717 04:08:57.644000,0,0.09,16,0.09,249,REGULAR,REGULAR,PACF,10247
GTI,20250717 04:08:58.523000,0,0.09,1,0.1,15,REGULAR,REGULAR,NQEX,10247
GTI,20250717 04:08:58.523000,0,0.09,1,0.1,15,REGULAR,REGULAR,NQEX,10247
GTI,20250717 04:08:58.523000,0,0.09,1,0.1,15,REGULAR,REGULAR,NQEX,10247
GTI,20250717 04:08:58.523000,0,0.09,1,0.1,15,REGULAR,REGULAR,NQEX,10247
GTI,20250717 04:08:58.523000,0,0.09,1,0.1,15,REGULAR,REGULAR,NQEX,10247
GTI,20250717 04:08:58.523000,0,0.09,1,0.1,15,REGULAR,REGULAR,NQEX,10247
GTI,20250717 04:08:58.523000,0,0.09,1,0.1,15,REGULAR,REGULAR,NQEX,10247
GTI,20250717 04:08:58.523000,0,0.09,1,0.1,15,REGULAR,REGULAR,NQEX,10247
GTI,20250717 04:08:58.523000,0,0.09,1,0.1,15,REGULAR,REGULAR,NQEX,10247
GTI,20250717 04:08:58.523000,0,0.09,1,0.1,15,REGULAR,REGULAR,NQEX,10247
GTI,20250717 04:08:58.709000,0,0.09,20,0.1,15,REGULAR,REGULAR,EDGX,10247
GTI,20250717 04:09:00.517000,0,0.09,20,0.09,8,REGULAR,REGULAR,EDGX,10305
GTI,20250717 04:09:00.698000,0,0.09,20,0.09,3,REGULAR,REGULAR,EDGX,10305
GTI,20250717 04:09:00.753000,0,0.09,20,0.09,3,REGULAR,REGULAR,EDGX,10305
GTI,20250717 04:09:01.289000,0,0.09,20,0.09,3,REGULAR,REGULAR,EDGX,10305
GTI,20250717 04:09:02.370000,0,0.09,1,0.09,41,REGULAR,REGULAR,NQEX,10247
GTI,20250717 04:09:02.370000,0,0.09,1,0.09,41,REGULAR,REGULAR,NQEX,10247
GTI,20250717 04:09:04.175000,0,0.09,20,0.09,48,REGULAR,REGULAR,EDGX,10247
GTI,20250717 04:09:04.175000,0,0.09,20,0.09,48,REGULAR,REGULAR,EDGX,10247
GTI,20250717 04:09:04.175000,0,0.09,20,0.09,48,REGULAR,REGULAR,EDGX,10247
GTI,20250717 04:09:04.176000,0,0.09,20,0.09,15,REGULAR,REGULAR,EDGX,10247
GTI,20250717 04:09:04.176000,0,0.09,20,0.09,15,REGULAR,REGULAR,EDGX,10247
GTI,20250717 04:09:05.854000,0,0.09,1,0.09,46,REGULAR,REGULAR,PACF,10247
GTI,20250717 04:09:06.693000,0,0.09,1,0.09,36,REGULAR,REGULAR,PACF,10247
GTI,20250717 04:09:06.911000,0,0.09,1,0.09,29,REGULAR,REGULAR,PACF,10247
GTI,20250717 04:09:08.509000,0,0.09,3,0.09,29,REGULAR,REGULAR,PACF,10247
GTI,20250717 04:09:09.638000,0,0.09,1,0.09,49,REGULAR,REGULAR,PACF,10247
GTI,20250717 04:09:11.374000,0,0.09,2,0.09,1,REGULAR,REGULAR,PACF,10247
GTI,20250717 04:09:15.542000,0,0.09,3,0.09,61,REGULAR,REGULAR,PACF,10247
GTI,20250717 04:09:19.700000,0,0.09,13,0.09,68,REGULAR,REGULAR,PACF,10247
GTI,20250717 04:09:20.406000,0,0.09,13,0.09,68,REGULAR,REGULAR,PACF,10247
GTI,20250717 04:09:21.359000,0,0.09,13,0.09,62,REGULAR,REGULAR,PACF,10247
GTI,20250717 04:09:21.566000,0,0.09,13,0.09,62,REGULAR,REGULAR,PACF,10247
GTI,20250717 04:09:22.282000,0,0.09,4,0.09,65,REGULAR,REGULAR,PACF,10247
GTI,20250717 04:09:22.342000,0,0.09,4,0.09,65,REGULAR,REGULAR,PACF,10247
GTI,20250717 04:09:23.092000,0,0.09,4,0.09,65,REGULAR,REGULAR,PACF,10247
GTI,20250717 04:09:23.702000,0,0.09,4,0.09,255,REGULAR,REGULAR,PACF,10247
GTI,20250717 04:09:25.121000,0,0.09,4,0.09,265,REGULAR,REGULAR,PACF,10247
GTI,20250717 04:09:26.006000,0,0.09,4,0.09,265,REGULAR,REGULAR,PACF,10247
GTI,20250717 04:09:26.006000,0,0.09,4,0.09,265,REGULAR,REGULAR,PACF,10247
GTI,20250717 04:09:26.006000,0,0.09,4,0.09,265,REGULAR,REGULAR,PACF,10247
GTI,20250717 04:09:26.006000,0,0.09,4,0.09,265,REGULAR,REGULAR,PACF,10247
GTI,20250717 04:09:26.007000,0,0.09,4,0.09,217,REGULAR,REGULAR,PACF,10247
GTI,20250717 04:09:26.007000,0,0.09,4,0.09,217,REGULAR,REGULAR,PACF,10247
GTI,20250717 04:09:26.007000,0,0.09,4,0.09,217,REGULAR,REGULAR,PACF,10247
GTI,20250717 04:09:26.007000,0,0.09,4,0.09,217,REGULAR,REGULAR,PACF,10247
GTI,20250717 04:09:27.040000,0,0.09,4,0.09,217,REGULAR,REGULAR,PACF,10247
GTI,20250717 04:09:28.371000,0,0.09,4,0.09,217,REGULAR,REGULAR,PACF,10247
GTI,20250717 04:09:28.467000,0,0.09,4,0.09,144,REGULAR,REGULAR,PACF,10247
GTI,20250717 04:09:28.467000,0,0.09,4,0.09,144,REGULAR,REGULAR,PACF,10247
GTI,20250717 04:09:28.467000,0,0.09,4,0.09,144,REGULAR,REGULAR,PACF,10247
GTI,20250717 04:09:28.467000,0,0.09,4,0.09,144,REGULAR,REGULAR,PACF,10247
GTI,20250717 04:09:28.467000,0,0.09,4,0.09,144,REGULAR,REGULAR,PACF,10247
GTI,20250717 04:09:28.467000,0,0.09,4,0.09,144,REGULAR,REGULAR,PACF,10247
GTI,20250717 04:09:28.792000,0,0.09,4,0.09,156,REGULAR,REGULAR,PACF,10247
GTI,20250717 04:09:29.622000,0,0.09,4,0.09,155,REGULAR,REGULAR,PACF,10247
GTI,20250717 04:09:29.683000,0,0.09,4,0.09,155,REGULAR,REGULAR,PACF,10247
GTI,20250717 04:09:29.872000,0,0.09,4,0.09,155,REGULAR,REGULAR,PACF,10247
GTI,20250717 04:09:32.964000,0,0.09,4,0.09,205,REGULAR,REGULAR,PACF,10247
GTI,20250717 04:09:33.223000,0,0.09,4,0.09,205,REGULAR,REGULAR,PACF,10247
GTI,20250717 04:09:33.654000,0,0.09,4,0.09,205,REGULAR,REGULAR,PACF,10247
GTI,20250717 04:09:33.654000,0,0.09,4,0.09,205,REGULAR,REGULAR,PACF,10247
GTI,20250717 04:09:34.674000,0,0.09,3,0.09,205,REGULAR,REGULAR,PACF,10247
GTI,20250717 04:09:36.683000,0,0.09,3,0.09,201,REGULAR,REGULAR,PACF,10247
GTI,20250717 04:09:36.880000,0,0.09,3,0.09,201,REGULAR,REGULAR,PACF,10247
GTI,20250717 04:09:39.029000,0,0.09,3,0.09,201,REGULAR,REGULAR,PACF,10247
GTI,20250717 04:09:39.029000,0,0.09,3,0.09,201,REGULAR,REGULAR,PACF,10247
GTI,20250717 04:09:40.240000,0,0.09,3,0.09,207,REGULAR,REGULAR,PACF,10247
GTI,20250717 04:09:41.549000,0,0.09,3,0.09,207,REGULAR,REGULAR,PACF,10247
GTI,20250717 04:09:44.451000,0,0.09,14,0.09,15,REGULAR,REGULAR,PACF,10247
GTI,20250717 04:09:44.451000,0,0.09,14,0.09,15,REGULAR,REGULAR,PACF,10247
GTI,20250717 04:09:44.451000,0,0.09,14,0.09,15,REGULAR,REGULAR,PACF,10247
GTI,20250717 04:09:44.451000,0,0.09,14,0.09,15,REGULAR,REGULAR,PACF,10247
GTI,20250717 04:09:46.478000,0,0.09,14,0.09,192,REGULAR,REGULAR,PACF,10247
GTI,20250717 04:09:46.478000,0,0.09,14,0.09,192,REGULAR,REGULAR,PACF,10247
GTI,20250717 04:09:48.268000,0,0.09,14,0.09,192,REGULAR,REGULAR,PACF,10247
GTI,20250717 04:09:49.111000,0,0.09,14,0.09,196,REGULAR,REGULAR,PACF,10247
GTI,20250717 04:09:50.583000,0,0.09,14,0.09,196,REGULAR,REGULAR,PACF,10247
GTI,20250717 04:09:51.381000,0,0.09,14,0.09,196,REGULAR,REGULAR,PACF,10247
GTI,20250717 04:09:54.259000,0,0.09,14,0.09,199,REGULAR,REGULAR,PACF,10247
GTI,20250717 04:09:54.837000,0,0.09,14,0.09,199,REGULAR,REGULAR,PACF,10247
GTI,20250717 04:09:57.155000,0,0.09,1,0.09,199,REGULAR,REGULAR,EDGX,10247
GTI,20250717 04:09:57.211000,0,0.09,1,0.09,199,REGULAR,REGULAR,EDGX,10247
GTI,20250717 04:09:57.211000,0,0.09,1,0.09,199,REGULAR,REGULAR,EDGX,10247
GTI,20250717 04:09:57.731000,0,0.09,14,0.09,199,REGULAR,REGULAR,PACF,10247
GTI,20250717 04:09:57.731000,0,0.09,14,0.09,199,REGULAR,REGULAR,PACF,10247
GTI,20250717 04:09:57.731000,0,0.09,14,0.09,199,REGULAR,REGULAR,PACF,10247
GTI,20250717 04:09:57.732000,0,0.09,14,0.09,15,REGULAR,REGULAR,PACF,10247
GTI,20250717 04:09:57.732000,0,0.09,14,0.09,15,REGULAR,REGULAR,PACF,10247
GTI,20250717 04:09:57.732000,0,0.09,14,0.09,15,REGULAR,REGULAR,PACF,10247
GTI,20250717 04:09:58.566000,0,0.09,14,0.09,193,REGULAR,REGULAR,PACF,10247
GTI,20250717 04:10:00.749000,0,0.09,14,0.09,15,REGULAR,REGULAR,PACF,10247
GTI,20250717 04:10:00.749000,0,0.09,14,0.09,15,REGULAR,REGULAR,PACF,10247
GTI,20250717 04:10:01.722000,0,0.09,1,0.09,190,REGULAR,REGULAR,PACF,10247
GTI,20250717 04:10:04.987000,0,0.09,11,0.09,1,REGULAR,REGULAR,PACF,10247
GTI,20250717 04:10:04.987000,0,0.09,11,0.09,1,REGULAR,REGULAR,PACF,10247
GTI,20250717 04:10:04.987000,0,0.09,11,0.09,1,REGULAR,REGULAR,PACF,10247
GTI,20250717 04:10:04.987000,0,0.09,11,0.09,1,REGULAR,REGULAR,PACF,10247
GTI,20250717 04:10:05.307000,0,0.09,11,0.09,1,REGULAR,REGULAR,PACF,10247
GTI,20250717 04:10:05.544000,0,0.09,7,0.09,1,REGULAR,REGULAR,PACF,10241
GTI,20250717 04:10:06.467000,0,0.09,1,0.09,1,REGULAR,REGULAR,PACF,10241
GTI,20250717 04:10:06.467000,0,0.09,1,0.09,1,REGULAR,REGULAR,PACF,10241
GTI,20250717 04:10:09.456000,0,0.09,1,0.09,1,REGULAR,REGULAR,PACF,10241
GTI,20250717 04:10:10.836000,0,0.09,7,0.09,1,REGULAR,REGULAR,PACF,10241
GTI,20250717 04:10:10.836000,0,0.09,7,0.09,1,REGULAR,REGULAR,PACF,10241
GTI,20250717 04:10:10.836000,0,0.09,7,0.09,1,REGULAR,REGULAR,PACF,10241
GTI,20250717 04:10:10.836000,0,0.09,7,0.09,1,REGULAR,REGULAR,PACF,10241
GTI,20250717 04:10:10.836000,0,0.09,7,0.09,1,REGULAR,REGULAR,PACF,10241
GTI,20250717 04:10:11.188000,0,0.09,7,0.09,1,REGULAR,REGULAR,PACF,10241
GTI,20250717 04:10:13.404000,0,0.09,44,0.09,1,REGULAR,REGULAR,PACF,10241
GTI,20250717 04:10:15.000000,0,0.09,44,0.09,1,REGULAR,REGULAR,PACF,10241
GTI,20250717 04:10:15.001000,0,0.09,35,0.09,16,REGULAR,REGULAR,PACF,10247
GTI,20250717 04:10:15.001000,0,0.09,35,0.09,16,REGULAR,REGULAR,PACF,10247
GTI,20250717 04:10:15.001000,0,0.09,35,0.09,16,REGULAR,REGULAR,PACF,10247
GTI,20250717 04:10:15.001000,0,0.09,35,0.09,16,REGULAR,REGULAR,PACF,10247
GTI,20250717 04:10:15.001000,0,0.09,35,0.09,16,REGULAR,REGULAR,PACF,10247
GTI,20250717 04:10:15.792000,0,0.09,36,0.09,15,REGULAR,REGULAR,PACF,10247
GTI,20250717 04:10:18.041000,0,0.09,35,0.09,15,REGULAR,REGULAR,PACF,10247
GTI,20250717 04:10:18.657000,0,0.09,34,0.09,15,REGULAR,REGULAR,PACF,10247
GTI,20250717 04:10:20.027000,0,0.09,29,0.09,1,REGULAR,REGULAR,PACF,10241
GTI,20250717 04:10:20.829000,0,0.09,29,0.09,1,REGULAR,REGULAR,PACF,10241
GTI,20250717 04:10:23.499000,0,0.09,27,0.09,1,REGULAR,REGULAR,PACF,10241
GTI,20250717 04:10:27.726000,0,0.09,29,0.09,1,REGULAR,REGULAR,PACF,10247
GTI,20250717 04:10:29.825000,0,0.09,29,0.09,1,REGULAR,REGULAR,PACF,10241
GTI,20250717 04:10:31.289000,0,0.09,265,0.09,1,REGULAR,REGULAR,MEMX,10241
GTI,20250717 04:10:31.366000,0,0.09,265,0.09,1,REGULAR,REGULAR,MEMX,10241
GTI,20250717 04:10:31.570000,0,0.09,265,0.09,1,REGULAR,REGULAR,MEMX,10241
GTI,20250717 04:10:32.211000,0,0.09,225,0.09,18,REGULAR,REGULAR,MEMX,10247
GTI,20250717 04:10:32.211000,0,0.09,225,0.09,18,REGULAR,REGULAR,MEMX,10247
GTI,20250717 04:10:32.211000,0,0.09,225,0.09,18,REGULAR,REGULAR,MEMX,10247
GTI,20250717 04:10:32.211000,0,0.09,225,0.09,18,REGULAR,REGULAR,MEMX,10247
GTI,20250717 04:10:32.211000,0,0.09,225,0.09,18,REGULAR,REGULAR,MEMX,10247
GTI,20250717 04:10:32.211000,0,0.09,225,0.09,18,REGULAR,REGULAR,MEMX,10247
GTI,20250717 04:10:32.211000,0,0.09,225,0.09,18,REGULAR,REGULAR,MEMX,10247
GTI,20250717 04:10:32.211000,0,0.09,225,0.09,18,REGULAR,REGULAR,MEMX,10247
GTI,20250717 04:10:32.211000,0,0.09,225,0.09,18,REGULAR,REGULAR,MEMX,10247
GTI,20250717 04:10:32.211000,0,0.09,225,0.09,18,REGULAR,REGULAR,MEMX,10247
GTI,20250717 04:10:32.211000,0,0.09,225,0.09,18,REGULAR,REGULAR,MEMX,10247
GTI,20250717 04:10:32.211000,0,0.09,225,0.09,18,REGULAR,REGULAR,MEMX,10247
GTI,20250717 04:10:32.211000,0,0.09,225,0.09,18,REGULAR,REGULAR,MEMX,10247
GTI,20250717 04:10:32.211000,0,0.09,225,0.09,18,REGULAR,REGULAR,MEMX,10247
GTI,20250717 04:10:35.008000,0,0.09,224,0.09,1,REGULAR,REGULAR,MEMX,10241
GTI,20250717 04:10:35.921000,0,0.09,224,0.09,1,REGULAR,REGULAR,MEMX,10241
GTI,20250717 04:10:37.303000,0,0.09,223,0.09,12,REGULAR,REGULAR,MEMX,10247
GTI,20250717 04:10:37.303000,0,0.09,223,0.09,12,REGULAR,REGULAR,MEMX,10247
GTI,20250717 04:10:37.858000,0,0.09,223,0.09,1,REGULAR,REGULAR,MEMX,10241
GTI,20250717 04:10:37.858000,0,0.09,223,0.09,1,REGULAR,REGULAR,MEMX,10241
GTI,20250717 04:10:38.951000,0,0.09,223,0.09,12,REGULAR,REGULAR,MEMX,10247
GTI,20250717 04:10:38.952000,0,0.09,219,0.09,12,REGULAR,REGULAR,MEMX,10247
GTI,20250717 04:10:45.800000,0,0.09,219,0.09,1,REGULAR,REGULAR,MEMX,10241
GTI,20250717 04:10:47.120000,0,0.09,9,0.09,1,REGULAR,REGULAR,PACF,10241
GTI,20250717 04:10:49.705000,0,0.09,11,0.09,1,REGULAR,REGULAR,PACF,10241
GTI,20250717 04:10:50.197000,0,0.09,11,0.09,1,REGULAR,REGULAR,PACF,10241
GTI,20250717 04:10:51.551000,0,0.09,14,0.09,1,REGULAR,REGULAR,PACF,10241
GTI,20250717 04:10:51.794000,0,0.09,8,0.09,1,REGULAR,REGULAR,PACF,10241
GTI,20250717 04:10:51.794000,0,0.09,8,0.09,1,REGULAR,REGULAR,PACF,10241
GTI,20250717 04:10:52.068000,0,0.09,5,0.09,1,REGULAR,REGULAR,PACF,10241
GTI,20250717 04:10:52.077000,0,0.09,3,0.09,1,REGULAR,REGULAR,PACF,10241
GTI,20250717 04:10:52.077000,0,0.09,3,0.09,1,REGULAR,REGULAR,PACF,10241
GTI,20250717 04:10:52.079000,0,0.09,3,0.09,1,REGULAR,REGULAR,PACF,10241
GTI,20250717 04:10:53.535000,0,0.09,219,0.09,5,REGULAR,REGULAR,MEMX,10247
GTI,20250717 04:10:53.535000,0,0.09,219,0.09,5,REGULAR,REGULAR,MEMX,10247
GTI,20250717 04:10:53.535000,0,0.09,219,0.09,5,REGULAR,REGULAR,MEMX,10247
GTI,20250717 04:10:53.535000,0,0.09,219,0.09,5,REGULAR,REGULAR,MEMX,10247
GTI,20250717 04:10:53.536000,0,0.09,219,0.09,14,REGULAR,REGULAR,MEMX,10247
GTI,20250717 04:10:53.536000,0,0.09,219,0.09,14,REGULAR,REGULAR,MEMX,10247
GTI,20250717 04:10:59.455000,0,0.09,219,0.09,1,REGULAR,REGULAR,MEMX,10241
GTI,20250717 04:11:01.522000,0,0.09,293,0.09,1,REGULAR,REGULAR,EDGX,10241
GTI,20250717 04:11:02.002000,0,0.09,293,0.09,33,REGULAR,REGULAR,EDGX,10247
GTI,20250717 04:11:02.003000,0,0.09,1,0.09,32,REGULAR,REGULAR,PACF,10247
GTI,20250717 04:11:03.202000,0,0.09,1,0.09,8,REGULAR,REGULAR,PACF,10247
GTI,20250717 04:11:03.202000,0,0.09,1,0.09,8,REGULAR,REGULAR,PACF,10247
GTI,20250717 04:11:06.799000,0,0.09,5,0.09,8,REGULAR,REGULAR,PACF,10247
GTI,20250717 04:11:06.799000,0,0.09,5,0.09,8,REGULAR,REGULAR,PACF,10247
GTI,20250717 04:11:06.799000,0,0.09,5,0.09,8,REGULAR,REGULAR,PACF,10247
GTI,20250717 04:11:06.799000,0,0.09,5,0.09,8,REGULAR,REGULAR,PACF,10247
GTI,20250717 04:11:12.554000,0,0.09,5,0.09,7,REGULAR,REGULAR,PACF,10247
GTI,20250717 04:11:12.554000,0,0.09,5,0.09,7,REGULAR,REGULAR,PACF,10247
GTI,20250717 04:11:12.554000,0,0.09,5,0.09,7,REGULAR,REGULAR,PACF,10247
GTI,20250717 04:11:12.554000,0,0.09,5,0.09,7,REGULAR,REGULAR,PACF,10247
GTI,20250717 04:11:12.554000,0,0.09,5,0.09,7,REGULAR,REGULAR,PACF,10247
GTI,20250717 04:11:13.579000,0,0.09,2,0.09,32,REGULAR,REGULAR,PACF,10247
GTI,20250717 04:11:13.703000,0,0.09,5,0.09,7,REGULAR,REGULAR,PACF,10247
GTI,20250717 04:11:13.703000,0,0.09,5,0.09,7,REGULAR,REGULAR,PACF,10247
GTI,20250717 04:11:21.529000,0,0.09,12,0.09,32,REGULAR,REGULAR,PACF,10247
GTI,20250717 04:11:24.243000,0,0.09,12,0.09,32,REGULAR,REGULAR,PACF,10247
GTI,20250717 04:11:36.598000,0,0.09,116,0.09,12,REGULAR,REGULAR,PACF,10300
GTI,20250717 04:11:36.598000,0,0.09,116,0.09,12,REGULAR,REGULAR,PACF,10300
GTI,20250717 04:11:36.598000,0,0.09,116,0.09,12,REGULAR,REGULAR,PACF,10300
GTI,20250717 04:11:36.598000,0,0.09,116,0.09,12,REGULAR,REGULAR,PACF,10300
GTI,20250717 04:11:39.294000,0,0.09,15,0.1,3050,REGULAR,REGULAR,PACF,10247
GTI,20250717 04:11:39.294000,0,0.09,15,0.1,3050,REGULAR,REGULAR,PACF,10247
GTI,20250717 04:11:39.294000,0,0.09,15,0.1,3050,REGULAR,REGULAR,PACF,10247
GTI,20250717 04:11:39.294000,0,0.09,15,0.1,3050,REGULAR,REGULAR,PACF,10247
GTI,20250717 04:11:39.294000,0,0.09,15,0.1,3050,REGULAR,REGULAR,PACF,10247
GTI,20250717 04:11:39.295000,0,0.09,8,0.09,8,REGULAR,REGULAR,PACF,10247
GTI,20250717 04:11:39.295000,0,0.09,8,0.09,8,REGULAR,REGULAR,PACF,10247
GTI,20250717 04:11:41.072000,0,0.09,116,0.1,3050,REGULAR,REGULAR,PACF,10247
GTI,20250717 04:11:41.617000,0,0.09,116,0.1,3050,REGULAR,REGULAR,PACF,10247
GTI,20250717 04:11:42.440000,0,0.09,1,0.1,2960,REGULAR,REGULAR,PACF,10247
GTI,20250717 04:11:42.440000,0,0.09,1,0.1,2960,REGULAR,REGULAR,PACF,10247
GTI,20250717 04:11:46.253000,0,0.09,116,0.1,2960,REGULAR,REGULAR,PACF,10247
GTI,20250717 04:11:48.890000,0,0.09,116,0.1,2960,REGULAR,REGULAR,PACF,10247
GTI,20250717 04:11:51.071000,0,0.09,23,0.1,2960,REGULAR,REGULAR,PACF,10247
GTI,20250717 04:11:52.571000,0,0.09,23,0.1,2960,REGULAR,REGULAR,PACF,10247
GTI,20250717 04:11:53.463000,0,0.09,23,0.1,2960,REGULAR,REGULAR,PACF,10247
GTI,20250717 04:11:53.973000,0,0.09,23,0.1,2960,REGULAR,REGULAR,PACF,10247
GTI,20250717 04:11:59.972000,0,0.09,23,0.1,2960,REGULAR,REGULAR,PACF,10247
GTI,20250717 04:12:03.375000,0,0.09,23,0.1,2960,REGULAR,REGULAR,PACF,10247
GTI,20250717 04:12:03.375000,0,0.09,23,0.1,2960,REGULAR,REGULAR,PACF,10247
GTI,20250717 04:12:08.860000,0,0.09,23,0.1,2960,REGULAR,REGULAR,PACF,10247
GTI,20250717 04:12:09.531000,0,0.09,23,0.1,2960,REGULAR,REGULAR,PACF,10247
GTI,20250717 04:12:11.310000,0,0.09,23,0.1,2960,REGULAR,REGULAR,PACF,10247
GTI,20250717 04:12:12.003000,0,0.09,23,0.1,2960,REGULAR,REGULAR,PACF,10247
GTI,20250717 04:12:13.060000,0,0.09,23,0.1,2960,REGULAR,REGULAR,PACF,10247
GTI,20250717 04:12:13.060000,0,0.09,23,0.1,2960,REGULAR,REGULAR,PACF,10247
GTI,20250717 04:12:15.851000,0,0.09,23,0.1,2960,REGULAR,REGULAR,PACF,10247
GTI,20250717 04:12:17.309000,0,0.09,23,0.1,2960,REGULAR,REGULAR,PACF,10247
GTI,20250717 04:12:17.309000,0,0.09,23,0.1,2960,REGULAR,REGULAR,PACF,10247
GTI,20250717 04:12:19.603000,0,0.09,5,0.09,15,REGULAR,REGULAR,PACF,10247
GTI,20250717 04:12:19.603000,0,0.09,5,0.09,15,REGULAR,REGULAR,PACF,10247
GTI,20250717 04:12:19.603000,0,0.09,5,0.09,15,REGULAR,REGULAR,PACF,10247
GTI,20250717 04:12:19.603000,0,0.09,5,0.09,15,REGULAR,REGULAR,PACF,10247
GTI,20250717 04:12:20.614000,0,0.09,5,0.09,1,REGULAR,REGULAR,PACF,10247
GTI,20250717 04:12:20.616000,0,0.09,5,0.09,15,REGULAR,REGULAR,PACF,10247
GTI,20250717 04:12:20.625000,0,0.09,5,0.09,15,REGULAR,REGULAR,PACF,10247
GTI,20250717 04:12:20.629000,0,0.09,5,0.09,20,REGULAR,REGULAR,PACF,10247
GTI,20250717 04:12:20.631000,0,0.09,5,0.09,20,REGULAR,REGULAR,PACF,10247
GTI,20250717 04:12:20.638000,0,0.09,5,0.09,15,REGULAR,REGULAR,PACF,10247
GTI,20250717 04:12:20.642000,0,0.09,5,0.09,15,REGULAR,REGULAR,PACF,10247
GTI,20250717 04:12:20.644000,0,0.09,5,0.09,15,REGULAR,REGULAR,PACF,10247
GTI,20250717 04:12:20.650000,0,0.09,5,0.09,15,REGULAR,REGULAR,PACF,10247
GTI,20250717 04:12:20.653000,0,0.09,5,0.09,15,REGULAR,REGULAR,PACF,10247
GTI,20250717 04:12:20.653000,0,0.09,5,0.09,15,REGULAR,REGULAR,PACF,10247
GTI,20250717 04:12:20.653000,0,0.09,5,0.09,15,REGULAR,REGULAR,PACF,10247
GTI,20250717 04:12:20.655000,0,0.09,13,0.09,15,REGULAR,REGULAR,PACF,10247
GTI,20250717 04:12:20.656000,0,0.09,12,0.09,15,REGULAR,REGULAR,PACF,10247
GTI,20250717 04:12:25.283000,0,0.09,1,0.1,2960,REGULAR,REGULAR,EDGX,10247
GTI,20250717 04:12:25.907000,0,0.09,5,0.09,1,REGULAR,REGULAR,PACF,10247
GTI,20250717 04:12:25.907000,0,0.09,5,0.09,1,REGULAR,REGULAR,PACF,10247
GTI,20250717 04:12:25.907000,0,0.09,5,0.09,1,REGULAR,REGULAR,PACF,10247
GTI,20250717 04:12:25.907000,0,0.09,5,0.09,1,REGULAR,REGULAR,PACF,10247
GTI,20250717 04:12:27.155000,0,0.09,5,0.09,1,REGULAR,REGULAR,PACF,10247
GTI,20250717 04:12:27.158000,0,0.09,5,0.09,15,REGULAR,REGULAR,PACF,10247
GTI,20250717 04:12:27.162000,0,0.09,5,0.09,15,REGULAR,REGULAR,PACF,10247
GTI,20250717 04:12:27.166000,0,0.09,5,0.09,20,REGULAR,REGULAR,PACF,10247
GTI,20250717 04:12:27.169000,0,0.09,5,0.09,15,REGULAR,REGULAR,PACF,10247
GTI,20250717 04:12:27.533000,0,0.09,4,0.09,5,REGULAR,REGULAR,PACF,10247
GTI,20250717 04:12:31.573000,0,0.09,5,0.09,1,REGULAR,REGULAR,PACF,10247
GTI,20250717 04:12:31.573000,0,0.09,5,0.09,1,REGULAR,REGULAR,PACF,10247
GTI,20250717 04:12:33.437000,0,0.09,5,0.1,2960,REGULAR,REGULAR,PACF,10247
GTI,20250717 04:12:33.437000,0,0.09,5,0.1,2960,REGULAR,REGULAR,PACF,10247
GTI,20250717 04:12:33.438000,0,0.09,5,0.1,2960,REGULAR,REGULAR,PACF,10247
GTI,20250717 04:12:34.079000,0,0.09,4,0.09,1,REGULAR,REGULAR,PACF,10247
GTI,20250717 04:12:37.463000,0,0.09,5,0.1,2960,REGULAR,REGULAR,NQEX,10247
GTI,20250717 04:12:40.605000,0,0.09,4,0.1,2960,REGULAR,REGULAR,NQEX,10247
GTI,20250717 04:12:44.357000,0,0.09,4,0.1,2960,REGULAR,REGULAR,PACF,10247
GTI,20250717 04:12:47.113000,0,0.09,15,0.1,2960,REGULAR,REGULAR,PACF,10247
GTI,20250717 04:12:56.707000,0,0.09,513,0.1,2960,REGULAR,REGULAR,PACF,10247
GTI,20250717 04:13:01.581000,0,0.09,510,0.1,2960,REGULAR,REGULAR,PACF,10247
GTI,20250717 04:13:08.765000,0,0.09,510,0.1,2960,REGULAR,REGULAR,PACF,10247
GTI,20250717 04:13:13.303000,0,0.09,526,0.1,2960,REGULAR,REGULAR,PACF,10247
GTI,20250717 04:13:13.610000,0,0.09,526,0.1,2960,REGULAR,REGULAR,PACF,10247
GTI,20250717 04:13:13.611000,0,0.09,526,0.1,2960,REGULAR,REGULAR,PACF,10247
GTI,20250717 04:13:14.323000,0,0.09,467,0.09,1,REGULAR,REGULAR,PACF,10247
GTI,20250717 04:13:14.323000,0,0.09,467,0.09,1,REGULAR,REGULAR,PACF,10247
GTI,20250717 04:13:14.323000,0,0.09,467,0.09,1,REGULAR,REGULAR,PACF,10247
GTI,20250717 04:13:17.598000,0,0.09,467,0.1,2960,REGULAR,REGULAR,PACF,10247
GTI,20250717 04:13:20.476000,0,0.09,467,0.09,1,REGULAR,REGULAR,PACF,10247
GTI,20250717 04:13:24.421000,0,0.09,485,0.1,2960,REGULAR,REGULAR,PACF,10247
GTI,20250717 04:13:24.421000,0,0.09,485,0.1,2960,REGULAR,REGULAR,PACF,10247
GTI,20250717 04:13:24.422000,0,0.09,485,0.1,2960,REGULAR,REGULAR,PACF,10247
GTI,20250717 04:13:24.422000,0,0.09,485,0.1,2960,REGULAR,REGULAR,PACF,10247
GTI,20250717 04:13:24.423000,0,0.09,11,0.1,2960,REGULAR,REGULAR,NQEX,10247
GTI,20250717 04:13:24.423000,0,0.09,11,0.1,2960,REGULAR,REGULAR,NQEX,10247
GTI,20250717 04:13:26.436000,0,0.09,11,0.1,2960,REGULAR,REGULAR,NQEX,10247
GTI,20250717 04:13:28.711000,0,0.09,11,0.1,2960,REGULAR,REGULAR,NQEX,10247
GTI,20250717 04:13:31.948000,0,0.09,10,0.1,2960,REGULAR,REGULAR,PACF,10247
GTI,20250717 04:13:31.949000,0,0.09,10,0.09,18,REGULAR,REGULAR,PACF,10305
GTI,20250717 04:13:31.950000,0,0.09,10,0.09,18,REGULAR,REGULAR,PACF,10305
GTI,20250717 04:13:31.950000,0,0.09,10,0.09,18,REGULAR,REGULAR,PACF,10305
GTI,20250717 04:13:34.722000,0,0.09,10,0.09,16,REGULAR,REGULAR,PACF,10305
GTI,20250717 04:13:34.731000,0,0.09,10,0.09,14,REGULAR,REGULAR,PACF,10305
GTI,20250717 04:13:34.733000,0,0.09,10,0.09,13,REGULAR,REGULAR,PACF,10305
GTI,20250717 04:13:35.014000,0,0.09,6,0.1,2960,REGULAR,REGULAR,PACF,10247
GTI,20250717 04:13:38.075000,0,0.09,4,0.1,2960,REGULAR,REGULAR,PACF,10247
GTI,20250717 04:13:45.353000,0,0.09,482,0.09,15,REGULAR,REGULAR,PACF,10247
GTI,20250717 04:13:45.353000,0,0.09,482,0.09,15,REGULAR,REGULAR,PACF,10247
GTI,20250717 04:13:45.353000,0,0.09,482,0.09,15,REGULAR,REGULAR,PACF,10247
GTI,20250717 04:13:45.353000,0,0.09,482,0.09,15,REGULAR,REGULAR,PACF,10247
GTI,20250717 04:13:45.353000,0,0.09,482,0.09,15,REGULAR,REGULAR,PACF,10247
GTI,20250717 04:13:59.356000,0,0.09,25,0.1,2960,REGULAR,REGULAR,PACF,10247
GTI,20250717 04:14:03.650000,0,0.09,1,0.1,2846,REGULAR,REGULAR,PACF,10247
GTI,20250717 04:14:14.743000,0,0.09,1,0.1,2846,REGULAR,REGULAR,PACF,10247
GTI,20250717 04:14:23.096000,0,0.09,10,0.09,15,REGULAR,REGULAR,MEMX,10247
GTI,20250717 04:14:23.096000,0,0.09,10,0.09,15,REGULAR,REGULAR,MEMX,10247
GTI,20250717 04:14:23.096000,0,0.09,10,0.09,15,REGULAR,REGULAR,MEMX,10247
GTI,20250717 04:14:23.096000,0,0.09,10,0.09,15,REGULAR,REGULAR,MEMX,10247
GTI,20250717 04:14:23.096000,0,0.09,10,0.09,15,REGULAR,REGULAR,MEMX,10247
GTI,20250717 04:14:23.096000,0,0.09,10,0.09,15,REGULAR,REGULAR,MEMX,10247
GTI,20250717 04:14:23.096000,0,0.09,10,0.09,15,REGULAR,REGULAR,MEMX,10247
GTI,20250717 04:14:23.096000,0,0.09,10,0.09,15,REGULAR,REGULAR,MEMX,10247
GTI,20250717 04:14:23.096000,0,0.09,10,0.09,15,REGULAR,REGULAR,MEMX,10247
GTI,20250717 04:14:23.096000,0,0.09,10,0.09,15,REGULAR,REGULAR,MEMX,10247
GTI,20250717 04:14:23.096000,0,0.09,10,0.09,15,REGULAR,REGULAR,MEMX,10247
GTI,20250717 04:14:23.096000,0,0.09,10,0.09,15,REGULAR,REGULAR,MEMX,10247
GTI,20250717 04:14:31.375000,0,0.09,22,0.1,2845,REGULAR,REGULAR,EDGX,10247
GTI,20250717 04:14:34.976000,0,0.09,10,0.1,2845,REGULAR,REGULAR,MEMX,10247
GTI,20250717 04:14:34.977000,0,0.09,7,0.1,2845,REGULAR,REGULAR,EDGX,10247
GTI,20250717 04:14:34.977000,0,0.09,7,0.1,2845,REGULAR,REGULAR,EDGX,10247
GTI,20250717 04:14:37.209000,0,0.09,2,0.1,2845,REGULAR,REGULAR,PACF,10247
GTI,20250717 04:14:37.210000,0,0.09,17,0.1,2845,REGULAR,REGULAR,PACF,10247
GTI,20250717 04:14:37.210000,0,0.09,17,0.1,2845,REGULAR,REGULAR,PACF,10247
GTI,20250717 04:14:41.450000,0,0.09,17,0.09,4,REGULAR,REGULAR,PACF,10247
GTI,20250717 04:14:41.450000,0,0.09,17,0.09,4,REGULAR,REGULAR,PACF,10247
GTI,20250717 04:14:41.450000,0,0.09,17,0.09,4,REGULAR,REGULAR,PACF,10247
GTI,20250717 04:14:43.172000,0,0.09,17,0.09,2,REGULAR,REGULAR,PACF,10247
GTI,20250717 04:14:45.756000,0,0.09,17,0.09,15,REGULAR,REGULAR,PACF,10247
GTI,20250717 04:14:47.374000,0,0.09,511,0.09,15,REGULAR,REGULAR,PACF,10247
GTI,20250717 04:14:47.374000,0,0.09,511,0.09,15,REGULAR,REGULAR,PACF,10247
GTI,20250717 04:14:47.374000,0,0.09,511,0.09,15,REGULAR,REGULAR,PACF,10247
GTI,20250717 04:14:47.848000,0,0.09,511,0.09,15,REGULAR,REGULAR,PACF,10247
GTI,20250717 04:14:47.849000,0,0.09,511,0.09,15,REGULAR,REGULAR,PACF,10247
GTI,20250717 04:14:49.504000,0,0.09,15,0.1,2845,REGULAR,REGULAR,PACF,10247
GTI,20250717 04:14:50.909000,0,0.09,6,0.1,2845,REGULAR,REGULAR,NQEX,10247
GTI,20250717 04:14:53.188000,0,0.09,9,0.09,20,REGULAR,REGULAR,NQEX,10247
GTI,20250717 04:14:53.188000,0,0.09,9,0.09,20,REGULAR,REGULAR,NQEX,10247
GTI,20250717 04:14:53.188000,0,0.09,9,0.09,20,REGULAR,REGULAR,NQEX,10247
GTI,20250717 04:14:53.190000,0,0.09,50,0.09,20,REGULAR,REGULAR,PACF,10247
GTI,20250717 04:14:53.191000,0,0.09,7,0.09,20,REGULAR,REGULAR,EDGX,10247
GTI,20250717 04:14:56.552000,0,0.09,2,0.09,20,REGULAR,REGULAR,EDGX,10247
GTI,20250717 04:14:56.552000,0,0.09,2,0.09,20,REGULAR,REGULAR,EDGX,10247
GTI,20250717 04:14:57.402000,0,0.09,50,0.09,20,REGULAR,REGULAR,PACF,10247
GTI,20250717 04:15:04.484000,0,0.09,50,0.1,2845,REGULAR,REGULAR,PACF,10247
GTI,20250717 04:15:05.868000,0,0.09,31,0.1,2845,REGULAR,REGULAR,PACF,10247
GTI,20250717 04:15:05.873000,0,0.09,31,0.1,2845,REGULAR,REGULAR,PACF,10247
GTI,20250717 04:15:07.156000,0,0.09,9,0.09,20,REGULAR,REGULAR,EDGX,10247
GTI,20250717 04:15:07.156000,0,0.09,9,0.09,20,REGULAR,REGULAR,EDGX,10247
GTI,20250717 04:15:07.156000,0,0.09,9,0.09,20,REGULAR,REGULAR,EDGX,10247
GTI,20250717 04:15:07.156000,0,0.09,9,0.09,20,REGULAR,REGULAR,EDGX,10247
GTI,20250717 04:15:13.772000,0,0.09,22,0.09,15,REGULAR,REGULAR,PACF,10247
GTI,20250717 04:15:13.772000,0,0.09,22,0.09,15,REGULAR,REGULAR,PACF,10247
GTI,20250717 04:15:13.772000,0,0.09,22,0.09,15,REGULAR,REGULAR,PACF,10247
GTI,20250717 04:15:13.772000,0,0.09,22,0.09,15,REGULAR,REGULAR,PACF,10247
GTI,20250717 04:15:17.040000,0,0.09,15,0.1,2845,REGULAR,REGULAR,PACF,10247
GTI,20250717 04:15:17.084000,0,0.09,10,0.1,2845,REGULAR,REGULAR,PACF,10247
GTI,20250717 04:15:20.242000,0,0.09,18,0.1,2845,REGULAR,REGULAR,PACF,10247
GTI,20250717 04:15:20.242000,0,0.09,18,0.1,2845,REGULAR,REGULAR,PACF,10247
GTI,20250717 04:15:21.775000,0,0.09,18,0.1,2843,REGULAR,REGULAR,PACF,10247
GTI,20250717 04:15:24.717000,0,0.09,8,0.1,2776,REGULAR,REGULAR,PACF,10247
GTI,20250717 04:15:24.806000,0,0.09,8,0.1,2776,REGULAR,REGULAR,PACF,10247
GTI,20250717 04:15:24.807000,0,0.09,8,0.1,2776,REGULAR,REGULAR,PACF,10247
GTI,20250717 04:15:26.440000,0,0.09,25,0.09,2,REGULAR,REGULAR,PACF,10300
GTI,20250717 04:15:26.440000,0,0.09,25,0.09,2,REGULAR,REGULAR,PACF,10300
GTI,20250717 04:15:26.440000,0,0.09,25,0.09,2,REGULAR,REGULAR,PACF,10300
GTI,20250717 04:15:26.440000,0,0.09,25,0.09,2,REGULAR,REGULAR,PACF,10300
GTI,20250717 04:15:26.442000,0,0.09,25,0.09,2,REGULAR,REGULAR,PACF,10300
GTI,20250717 04:15:26.442000,0,0.09,25,0.09,2,REGULAR,REGULAR,PACF,10300
GTI,20250717 04:15:26.442000,0,0.09,25,0.09,2,REGULAR,REGULAR,PACF,10300
GTI,20250717 04:15:26.445000,0,0.09,25,0.09,1,REGULAR,REGULAR,PACF,10300
GTI,20250717 04:15:27.996000,0,0.09,25,0.09,2,REGULAR,REGULAR,PACF,10300
GTI,20250717 04:15:27.996000,0,0.09,25,0.09,2,REGULAR,REGULAR,PACF,10300
GTI,20250717 04:15:29.970000,0,0.09,26,0.09,3,REGULAR,REGULAR,PACF,10247
GTI,20250717 04:15:36.528000,0,0.09,25,0.09,15,REGULAR,REGULAR,PACF,10247
GTI,20250717 04:15:36.528000,0,0.09,25,0.09,15,REGULAR,REGULAR,PACF,10247
GTI,20250717 04:15:36.528000,0,0.09,25,0.09,15,REGULAR,REGULAR,PACF,10247
GTI,20250717 04:15:36.528000,0,0.09,25,0.09,15,REGULAR,REGULAR,PACF,10247
GTI,20250717 04:15:36.528000,0,0.09,25,0.09,15,REGULAR,REGULAR,PACF,10247
GTI,20250717 04:15:36.528000,0,0.09,25,0.09,15,REGULAR,REGULAR,PACF,10247
GTI,20250717 04:15:36.903000,0,0.09,1,0.09,3,REGULAR,REGULAR,PACF,10247
GTI,20250717 04:15:37.516000,0,0.09,1,0.09,2,REGULAR,REGULAR,PACF,10247
GTI,20250717 04:15:37.957000,0,0.09,13,0.1,2776,REGULAR,REGULAR,PACF,10247
GTI,20250717 04:15:37.958000,0,0.09,15,0.09,2,REGULAR,REGULAR,PACF,10300
GTI,20250717 04:15:37.958000,0,0.09,15,0.09,2,REGULAR,REGULAR,PACF,10300
GTI,20250717 04:15:38.063000,0,0.09,15,0.09,2,REGULAR,REGULAR,PACF,10300
GTI,20250717 04:15:40.206000,0,0.09,25,0.09,1,REGULAR,REGULAR,PACF,10300
GTI,20250717 04:15:42.643000,0,0.09,15,0.09,2,REGULAR,REGULAR,PACF,10300
GTI,20250717 04:15:42.643000,0,0.09,15,0.09,2,REGULAR,REGULAR,PACF,10300
GTI,20250717 04:15:42.643000,0,0.09,15,0.09,2,REGULAR,REGULAR,PACF,10300
GTI,20250717 04:15:42.643000,0,0.09,15,0.09,2,REGULAR,REGULAR,PACF,10300
GTI,20250717 04:15:42.643000,0,0.09,15,0.09,2,REGULAR,REGULAR,PACF,10300
GTI,20250717 04:15:42.644000,0,0.09,19,0.09,2,REGULAR,REGULAR,PACF,10300
GTI,20250717 04:15:43.195000,0,0.09,19,0.09,2,REGULAR,REGULAR,PACF,10300
GTI,20250717 04:15:43.195000,0,0.09,19,0.09,2,REGULAR,REGULAR,PACF,10300
GTI,20250717 04:15:44.516000,0,0.09,19,0.09,2,REGULAR,REGULAR,PACF,10300
GTI,20250717 04:15:49.521000,0,0.09,19,0.09,2,REGULAR,REGULAR,PACF,10300
GTI,20250717 04:15:49.933000,0,0.09,19,0.09,1,REGULAR,REGULAR,PACF,10300
GTI,20250717 04:15:52.774000,0,0.09,19,0.09,2,REGULAR,REGULAR,PACF,10300
GTI,20250717 04:15:52.774000,0,0.09,19,0.09,2,REGULAR,REGULAR,PACF,10300
GTI,20250717 04:15:52.774000,0,0.09,19,0.09,2,REGULAR,REGULAR,PACF,10300
GTI,20250717 04:15:53.614000,0,0.09,19,0.09,2,REGULAR,REGULAR,PACF,10300
GTI,20250717 04:15:56.660000,0,0.09,19,0.09,12,REGULAR,REGULAR,PACF,10247
GTI,20250717 04:15:56.661000,0,0.09,19,0.09,9,REGULAR,REGULAR,PACF,10247
GTI,20250717 04:15:56.661000,0,0.09,19,0.09,9,REGULAR,REGULAR,PACF,10247
GTI,20250717 04:15:56.661000,0,0.09,19,0.09,9,REGULAR,REGULAR,PACF,10247
GTI,20250717 04:15:57.239000,0,0.09,19,0.09,4,REGULAR,REGULAR,PACF,10247
GTI,20250717 04:15:58.025000,0,0.09,19,0.09,4,REGULAR,REGULAR,PACF,10247
GTI,20250717 04:16:00.627000,0,0.09,19,0.09,19,REGULAR,REGULAR,PACF,10247
GTI,20250717 04:16:03.256000,0,0.09,19,0.09,19,REGULAR,REGULAR,PACF,10247
GTI,20250717 04:16:03.287000,0,0.09,19,0.09,19,REGULAR,REGULAR,PACF,10247
GTI,20250717 04:16:05.328000,0,0.09,19,0.09,19,REGULAR,REGULAR,PACF,10247
GTI,20250717 04:16:05.598000,0,0.09,19,0.09,19,REGULAR,REGULAR,PACF,10247
GTI,20250717 04:16:07.518000,0,0.09,19,0.09,20,REGULAR,REGULAR,PACF,10247
GTI,20250717 04:16:07.804000,0,0.09,19,0.09,19,REGULAR,REGULAR,PACF,10247
GTI,20250717 04:16:08.534000,0,0.09,24,0.09,19,REGULAR,REGULAR,PACF,10247
GTI,20250717 04:16:09.388000,0,0.09,24,0.09,45,REGULAR,REGULAR,PACF,10247
GTI,20250717 04:16:10.767000,0,0.09,24,0.09,45,REGULAR,REGULAR,PACF,10247
GTI,20250717 04:16:11.107000,0,0.09,23,0.09,45,REGULAR,REGULAR,PACF,10247
GTI,20250717 04:16:11.591000,0,0.09,22,0.09,42,REGULAR,REGULAR,PACF,10247
GTI,20250717 04:16:11.594000,0,0.09,22,0.09,42,REGULAR,REGULAR,PACF,10247
GTI,20250717 04:16:12.034000,0,0.09,22,0.09,42,REGULAR,REGULAR,PACF,10247
GTI,20250717 04:16:12.687000,0,0.09,22,0.09,41,REGULAR,REGULAR,PACF,10247
GTI,20250717 04:16:12.956000,0,0.09,22,0.09,41,REGULAR,REGULAR,PACF,10247
GTI,20250717 04:16:13.782000,0,0.09,22,0.09,41,REGULAR,REGULAR,PACF,10247
GTI,20250717 04:16:14.615000,0,0.09,22,0.09,43,REGULAR,REGULAR,PACF,10247
GTI,20250717 04:16:15.273000,0,0.09,22,0.09,43,REGULAR,REGULAR,PACF,10247
GTI,20250717 04:16:16.162000,0,0.09,22,0.09,43,REGULAR,REGULAR,PACF,10247
GTI,20250717 04:16:17.157000,0,0.09,2,0.09,30,REGULAR,REGULAR,EDGX,10247
GTI,20250717 04:16:17.157000,0,0.09,2,0.09,30,REGULAR,REGULAR,EDGX,10247
GTI,20250717 04:16:17.157000,0,0.09,2,0.09,30,REGULAR,REGULAR,EDGX,10247
GTI,20250717 04:16:19.573000,0,0.09,2,0.09,14,REGULAR,REGULAR,EDGX,10247
GTI,20250717 04:16:19.587000,0,0.09,2,0.09,14,REGULAR,REGULAR,EDGX,10247
GTI,20250717 04:16:23.295000,0,0.09,2,0.09,10,REGULAR,REGULAR,EDGX,10247
GTI,20250717 04:16:24.469000,0,0.09,1,0.09,10,REGULAR,REGULAR,NQEX,10247
GTI,20250717 04:16:25.290000,0,0.09,1,0.09,5,REGULAR,REGULAR,NQEX,10247
GTI,20250717 04:16:28.502000,0,0.09,1,0.09,5,REGULAR,REGULAR,NQEX,10305
GTI,20250717 04:16:29.706000,0,0.09,1,0.09,5,REGULAR,REGULAR,NQEX,10305
GTI,20250717 04:16:31.089000,0,0.09,1,0.09,5,REGULAR,REGULAR,NQEX,10305
GTI,20250717 04:16:32.626000,0,0.09,10,0.09,5,REGULAR,REGULAR,NQEX,10305
GTI,20250717 04:16:32.626000,0,0.09,10,0.09,5,REGULAR,REGULAR,NQEX,10305
GTI,20250717 04:16:32.626000,0,0.09,10,0.09,5,REGULAR,REGULAR,NQEX,10305
GTI,20250717 04:16:32.626000,0,0.09,10,0.09,5,REGULAR,REGULAR,NQEX,10305
GTI,20250717 04:16:32.626000,0,0.09,10,0.09,5,REGULAR,REGULAR,NQEX,10305
GTI,20250717 04:16:32.626000,0,0.09,10,0.09,5,REGULAR,REGULAR,NQEX,10305
GTI,20250717 04:16:32.626000,0,0.09,10,0.09,5,REGULAR,REGULAR,NQEX,10305
GTI,20250717 04:16:37.017000,0,0.09,630,0.09,4,REGULAR,REGULAR,EDGX,10247
GTI,20250717 04:16:39.142000,0,0.09,630,0.09,1,REGULAR,REGULAR,EDGX,10300
GTI,20250717 04:16:39.142000,0,0.09,630,0.09,1,REGULAR,REGULAR,EDGX,10300
GTI,20250717 04:16:39.142000,0,0.09,630,0.09,1,REGULAR,REGULAR,EDGX,10300
GTI,20250717 04:16:39.142000,0,0.09,630,0.09,1,REGULAR,REGULAR,EDGX,10300
GTI,20250717 04:16:39.142000,0,0.09,630,0.09,1,REGULAR,REGULAR,EDGX,10300
GTI,20250717 04:16:39.142000,0,0.09,630,0.09,1,REGULAR,REGULAR,EDGX,10300
GTI,20250717 04:16:39.142000,0,0.09,630,0.09,1,REGULAR,REGULAR,EDGX,10300
GTI,20250717 04:16:39.142000,0,0.09,630,0.09,1,REGULAR,REGULAR,EDGX,10300
GTI,20250717 04:16:39.142000,0,0.09,630,0.09,1,REGULAR,REGULAR,EDGX,10300
GTI,20250717 04:16:39.142000,0,0.09,630,0.09,1,REGULAR,REGULAR,EDGX,10300
GTI,20250717 04:16:39.142000,0,0.09,630,0.09,1,REGULAR,REGULAR,EDGX,10300
GTI,20250717 04:16:39.142000,0,0.09,630,0.09,1,REGULAR,REGULAR,EDGX,10300
GTI,20250717 04:16:39.142000,0,0.09,630,0.09,1,REGULAR,REGULAR,EDGX,10300
GTI,20250717 04:16:40.081000,0,0.09,630,0.09,1,REGULAR,REGULAR,EDGX,10300
GTI,20250717 04:16:41.832000,0,0.09,630,0.09,1,REGULAR,REGULAR,EDGX,10300
GTI,20250717 04:16:44.198000,0,0.09,568,0.09,1,REGULAR,REGULAR,EDGX,10300
GTI,20250717 04:16:44.198000,0,0.09,568,0.09,1,REGULAR,REGULAR,EDGX,10300
GTI,20250717 04:16:45.634000,0,0.09,568,0.09,1,REGULAR,REGULAR,EDGX,10300
GTI,20250717 04:16:48.041000,0,0.09,44,0.1,2373,REGULAR,REGULAR,EDGX,10247
GTI,20250717 04:16:48.041000,0,0.09,44,0.1,2373,REGULAR,REGULAR,EDGX,10247
GTI,20250717 04:16:48.041000,0,0.09,44,0.1,2373,REGULAR,REGULAR,EDGX,10247
GTI,20250717 04:16:54.634000,0,0.09,40,0.1,2373,REGULAR,REGULAR,EDGX,10247
GTI,20250717 04:16:57.757000,0,0.09,40,0.1,1873,REGULAR,REGULAR,EDGX,10247
GTI,20250717 04:16:57.758000,0,0.09,40,0.1,1830,REGULAR,REGULAR,EDGX,10247
GTI,20250717 04:16:57.876000,0,0.09,40,0.1,1830,REGULAR,REGULAR,EDGX,10247
GTI,20250717 04:16:58.005000,0,0.09,40,0.1,1830,REGULAR,REGULAR,EDGX,10247
GTI,20250717 04:16:58.255000,0,0.09,28,0.1,1830,REGULAR,REGULAR,EDGX,10247
GTI,20250717 04:16:59.426000,0,0.09,28,0.1,1330,REGULAR,REGULAR,EDGX,10247
GTI,20250717 04:16:59.439000,0,0.09,28,0.1,940,REGULAR,REGULAR,EDGX,10247
GTI,20250717 04:16:59.523000,0,0.09,568,0.09,15,REGULAR,REGULAR,EDGX,10247
GTI,20250717 04:16:59.523000,0,0.09,568,0.09,15,REGULAR,REGULAR,EDGX,10247
GTI,20250717 04:16:59.523000,0,0.09,568,0.09,15,REGULAR,REGULAR,EDGX,10247
GTI,20250717 04:16:59.523000,0,0.09,568,0.09,15,REGULAR,REGULAR,EDGX,10247
GTI,20250717 04:16:59.523000,0,0.09,568,0.09,15,REGULAR,REGULAR,EDGX,10247
GTI,20250717 04:16:59.523000,0,0.09,568,0.09,15,REGULAR,REGULAR,EDGX,10247
GTI,20250717 04:16:59.523000,0,0.09,568,0.09,15,REGULAR,REGULAR,EDGX,10247
GTI,20250717 04:17:02.395000,0,0.09,395,0.09,5,REGULAR,REGULAR,EDGX,10247
GTI,20250717 04:17:02.395000,0,0.09,395,0.09,5,REGULAR,REGULAR,EDGX,10247
GTI,20250717 04:17:02.395000,0,0.09,395,0.09,5,REGULAR,REGULAR,EDGX,10247
GTI,20250717 04:17:05.055000,0,0.09,15,0.1,445,REGULAR,REGULAR,PACF,10247
GTI,20250717 04:17:05.055000,0,0.09,15,0.1,445,REGULAR,REGULAR,PACF,10247
GTI,20250717 04:17:06.321000,0,0.09,65,0.1,445,REGULAR,REGULAR,PACF,10247
GTI,20250717 04:17:06.562000,0,0.09,65,0.1,342,REGULAR,REGULAR,PACF,10247
GTI,20250717 04:17:07.167000,0,0.09,65,0.1,243,REGULAR,REGULAR,PACF,10247
GTI,20250717 04:17:07.315000,0,0.1,57,0.1,5,REGULAR,REGULAR,EDGX,10247
GTI,20250717 04:17:07.315000,0,0.1,57,0.1,5,REGULAR,REGULAR,EDGX,10247
GTI,20250717 04:17:08.753000,0,0.1,55,0.1,5,REGULAR,REGULAR,EDGX,10247
GTI,20250717 04:17:19.665000,0,0.1,5,0.1,5,REGULAR,REGULAR,PACF,10247
GTI,20250717 04:17:21.036000,0,0.1,5,0.1,5,REGULAR,REGULAR,PACF,10247
GTI,20250717 04:17:23.395000,0,0.09,65,0.1,5,REGULAR,REGULAR,PACF,10247
GTI,20250717 04:17:23.770000,0,0.09,65,0.1,5,REGULAR,REGULAR,PACF,10247
GTI,20250717 04:17:28.110000,0,0.09,65,0.1,5,REGULAR,REGULAR,PACF,10247
GTI,20250717 04:17:30.706000,0,0.09,16,0.1,42,REGULAR,REGULAR,PACF,10305
GTI,20250717 04:17:30.706000,0,0.09,16,0.1,42,REGULAR,REGULAR,PACF,10305
GTI,20250717 04:17:30.706000,0,0.09,16,0.1,42,REGULAR,REGULAR,PACF,10305
GTI,20250717 04:17:31.900000,0,0.09,65,0.1,42,REGULAR,REGULAR,PACF,10305
GTI,20250717 04:17:36.440000,0,0.09,65,0.1,32,REGULAR,REGULAR,PACF,10305
GTI,20250717 04:17:37.688000,0,0.09,65,0.1,32,REGULAR,REGULAR,PACF,10305
GTI,20250717 04:17:38.032000,0,0.09,65,0.1,3,REGULAR,REGULAR,PACF,10247
GTI,20250717 04:17:39.943000,0,0.09,15,0.1,3,REGULAR,REGULAR,PACF,10247
GTI,20250717 04:17:47.751000,0,0.09,395,0.1,19,REGULAR,REGULAR,EDGX,10305
GTI,20250717 04:17:49.190000,0,0.09,395,0.1,3,REGULAR,REGULAR,EDGX,10247
GTI,20250717 04:17:51.354000,0,0.09,12,0.1,3,REGULAR,REGULAR,EDGX,10247
GTI,20250717 04:17:51.354000,0,0.09,12,0.1,3,REGULAR,REGULAR,EDGX,10247
GTI,20250717 04:17:57.615000,0,0.09,12,0.1,3,REGULAR,REGULAR,EDGX,10247
GTI,20250717 04:18:00.474000,0,0.1,24,0.1,3,REGULAR,REGULAR,NQEX,10247
GTI,20250717 04:18:12.208000,0,0.1,24,0.1,3,REGULAR,REGULAR,NQEX,10247
GTI,20250717 04:18:12.969000,0,0.1,24,0.1,3,REGULAR,REGULAR,NQEX,10247
GTI,20250717 04:18:14.446000,0,0.1,24,0.1,3,REGULAR,REGULAR,NQEX,10247
GTI,20250717 04:18:21.057000,0,0.1,2,0.1,3,REGULAR,REGULAR,NQEX,10247
GTI,20250717 04:18:21.060000,0,0.1,2,0.1,3,REGULAR,REGULAR,NQEX,10247
GTI,20250717 04:18:21.066000,0,0.1,2,0.1,3,REGULAR,REGULAR,NQEX,10247
GTI,20250717 04:18:21.069000,0,0.1,2,0.1,3,REGULAR,REGULAR,NQEX,10247
GTI,20250717 04:18:21.074000,0,0.1,2,0.1,3,REGULAR,REGULAR,NQEX,10247
GTI,20250717 04:18:21.078000,0,0.1,2,0.1,3,REGULAR,REGULAR,NQEX,10247
GTI,20250717 04:18:21.081000,0,0.1,2,0.1,3,REGULAR,REGULAR,NQEX,10247
GTI,20250717 04:18:25.140000,0,0.1,2,0.1,1,REGULAR,REGULAR,NQEX,10247
GTI,20250717 04:18:25.140000,0,0.1,2,0.1,1,REGULAR,REGULAR,NQEX,10247
GTI,20250717 04:18:25.140000,0,0.1,2,0.1,1,REGULAR,REGULAR,NQEX,10247
GTI,20250717 04:18:25.140000,0,0.1,2,0.1,1,REGULAR,REGULAR,NQEX,10247
GTI,20250717 04:18:25.140000,0,0.1,2,0.1,1,REGULAR,REGULAR,NQEX,10247
GTI,20250717 04:18:25.140000,0,0.1,2,0.1,1,REGULAR,REGULAR,NQEX,10247
GTI,20250717 04:18:25.140000,0,0.1,2,0.1,1,REGULAR,REGULAR,NQEX,10247
GTI,20250717 04:18:25.140000,0,0.1,2,0.1,1,REGULAR,REGULAR,NQEX,10247
GTI,20250717 04:18:25.140000,0,0.1,2,0.1,1,REGULAR,REGULAR,NQEX,10247
GTI,20250717 04:18:25.140000,0,0.1,2,0.1,1,REGULAR,REGULAR,NQEX,10247
GTI,20250717 04:18:25.140000,0,0.1,2,0.1,1,REGULAR,REGULAR,NQEX,10247
GTI,20250717 04:18:25.140000,0,0.1,2,0.1,1,REGULAR,REGULAR,NQEX,10247
GTI,20250717 04:18:25.140000,0,0.1,2,0.1,1,REGULAR,REGULAR,NQEX,10247
GTI,20250717 04:18:25.140000,0,0.1,2,0.1,1,REGULAR,REGULAR,NQEX,10247
GTI,20250717 04:18:25.140000,0,0.1,2,0.1,1,REGULAR,REGULAR,NQEX,10247
GTI,20250717 04:18:25.140000,0,0.1,2,0.1,1,REGULAR,REGULAR,NQEX,10247
GTI,20250717 04:18:25.140000,0,0.1,2,0.1,1,REGULAR,REGULAR,NQEX,10247
GTI,20250717 04:18:30.055000,0,0.1,1,0.1,3,REGULAR,REGULAR,PACF,10247
GTI,20250717 04:18:33.035000,0,0.1,8,0.1,3,REGULAR,REGULAR,PACF,10247
GTI,20250717 04:18:39.224000,0,0.1,1,0.1,1,REGULAR,REGULAR,PACF,10247
GTI,20250717 04:18:54.387000,0,0.1,1,0.1,3,REGULAR,REGULAR,PACF,10247
GTI,20250717 04:19:03.386000,0,0.1,1,0.1,3,REGULAR,REGULAR,PACF,10247
GTI,20250717 04:19:28.788000,0,0.1,50,0.1,3,REGULAR,REGULAR,NQEX,10247
GTI,20250717 04:19:40.631000,0,0.1,22,0.1,3,REGULAR,REGULAR,NQEX,10247
GTI,20250717 04:19:42.076000,0,0.1,22,0.1,3,REGULAR,REGULAR,NQEX,10247
GTI,20250717 04:19:49.351000,0,0.1,79,0.1,3,REGULAR,REGULAR,PACF,10247
GTI,20250717 04:19:54.147000,0,0.1,11,0.1,3,REGULAR,REGULAR,NQEX,10247
GTI,20250717 04:20:00.680000,0,0.1,12,0.1,13,REGULAR,REGULAR,PACF,10247
GTI,20250717 04:20:07.801000,0,0.1,12,0.1,11,REGULAR,REGULAR,PACF,10247
GTI,20250717 04:20:07.801000,0,0.1,12,0.1,11,REGULAR,REGULAR,PACF,10247
GTI,20250717 04:20:09.416000,0,0.1,12,0.1,3,REGULAR,REGULAR,PACF,10247
GTI,20250717 04:20:12.810000,0,0.1,13,0.1,2,REGULAR,REGULAR,PACF,10247
GTI,20250717 04:20:16.104000,0,0.1,13,0.1,1,REGULAR,REGULAR,PACF,10313
GTI,20250717 04:20:26.947000,0,0.1,70,0.1,33,REGULAR,REGULAR,PACF,10313
GTI,20250717 04:20:26.950000,0,0.1,69,0.1,33,REGULAR,REGULAR,PACF,10313
GTI,20250717 04:20:29.754000,0,0.1,10,0.1,33,REGULAR,REGULAR,PACF,10313
GTI,20250717 04:20:38.993000,0,0.1,9,0.1,33,REGULAR,REGULAR,PACF,10313
GTI,20250717 04:20:38.994000,0,0.1,8,0.1,23,REGULAR,REGULAR,PACF,10313
GTI,20250717 04:20:38.994000,0,0.1,8,0.1,23,REGULAR,REGULAR,PACF,10313
GTI,20250717 04:20:41.092000,0,0.1,7,0.1,17,REGULAR,REGULAR,PACF,10313
GTI,20250717 04:20:41.092000,0,0.1,7,0.1,17,REGULAR,REGULAR,PACF,10313
GTI,20250717 04:20:43.717000,0,0.1,59,0.1,7,REGULAR,REGULAR,PACF,10247
GTI,20250717 04:20:43.721000,0,0.1,59,0.1,7,REGULAR,REGULAR,PACF,10313
GTI,20250717 04:20:46.046000,0,0.1,59,0.1,7,REGULAR,REGULAR,PACF,10313
GTI,20250717 04:20:47.667000,0,0.1,59,0.1,3,REGULAR,REGULAR,PACF,10313
GTI,20250717 04:20:50.135000,0,0.1,59,0.1,3,REGULAR,REGULAR,PACF,10313
GTI,20250717 04:20:54.069000,0,0.1,62,0.1,3,REGULAR,REGULAR,PACF,10313
GTI,20250717 04:20:55.925000,0,0.1,62,0.1,3,REGULAR,REGULAR,PACF,10313
GTI,20250717 04:21:00.184000,0,0.1,59,0.1,3,REGULAR,REGULAR,PACF,10313
GTI,20250717 04:21:00.400000,0,0.1,1,0.1,9,REGULAR,REGULAR,PACF,10247
GTI,20250717 04:21:03.998000,0,0.1,54,0.1,9,REGULAR,REGULAR,PACF,10247
GTI,20250717 04:21:07.636000,0,0.1,163,0.1,9,REGULAR,REGULAR,PACF,10247
GTI,20250717 04:21:07.637000,0,0.1,162,0.1,11,REGULAR,REGULAR,PACF,10247
GTI,20250717 04:21:07.637000,0,0.1,162,0.1,11,REGULAR,REGULAR,PACF,10247
GTI,20250717 04:21:16.099000,0,0.1,55,0.1,9,REGULAR,REGULAR,PACF,10247
GTI,20250717 04:21:25.225000,0,0.1,55,0.1,9,REGULAR,REGULAR,PACF,10247
GTI,20250717 04:21:25.226000,0,0.1,23,0.1,9,REGULAR,REGULAR,PACF,10247
GTI,20250717 04:21:25.226000,0,0.1,23,0.1,9,REGULAR,REGULAR,PACF,10247
GTI,20250717 04:21:25.226000,0,0.1,23,0.1,9,REGULAR,REGULAR,PACF,10247
GTI,20250717 04:21:37.764000,0,0.1,41,0.1,9,REGULAR,REGULAR,PACF,10247
GTI,20250717 04:21:43.199000,0,0.1,49,0.1,9,REGULAR,REGULAR,PACF,10247
GTI,20250717 04:21:45.626000,0,0.1,48,0.1,9,REGULAR,REGULAR,PACF,10247
GTI,20250717 04:21:47.556000,0,0.1,48,0.1,9,REGULAR,REGULAR,PACF,10247
GTI,20250717 04:21:49.941000,0,0.1,134,0.1,9,REGULAR,REGULAR,PACF,10247
GTI,20250717 04:21:52.325000,0,0.1,1,0.1,9,REGULAR,REGULAR,PACF,10247
GTI,20250717 04:22:01.626000,0,0.1,51,0.1,20,REGULAR,REGULAR,PACF,10247
GTI,20250717 04:22:01.638000,0,0.1,39,0.1,20,REGULAR,REGULAR,PACF,10247
GTI,20250717 04:22:01.638000,0,0.1,39,0.1,20,REGULAR,REGULAR,PACF,10247
GTI,20250717 04:22:01.638000,0,0.1,39,0.1,20,REGULAR,REGULAR,PACF,10247
GTI,20250717 04:22:01.638000,0,0.1,39,0.1,20,REGULAR,REGULAR,PACF,10247
GTI,20250717 04:22:02.634000,0,0.1,35,0.1,9,REGULAR,REGULAR,NQEX,10247
GTI,20250717 04:22:02.634000,0,0.1,35,0.1,9,REGULAR,REGULAR,NQEX,10247
GTI,20250717 04:22:02.634000,0,0.1,35,0.1,9,REGULAR,REGULAR,NQEX,10247
GTI,20250717 04:22:02.634000,0,0.1,35,0.1,9,REGULAR,REGULAR,NQEX,10247
GTI,20250717 04:22:02.634000,0,0.1,35,0.1,9,REGULAR,REGULAR,NQEX,10247
GTI,20250717 04:22:02.634000,0,0.1,35,0.1,9,REGULAR,REGULAR,NQEX,10247
GTI,20250717 04:22:02.634000,0,0.1,35,0.1,9,REGULAR,REGULAR,NQEX,10247
GTI,20250717 04:22:02.634000,0,0.1,35,0.1,9,REGULAR,REGULAR,NQEX,10247
GTI,20250717 04:22:02.637000,0,0.1,35,0.1,1,REGULAR,REGULAR,NQEX,10247
GTI,20250717 04:22:02.639000,0,0.1,35,0.1,1,REGULAR,REGULAR,NQEX,10247
GTI,20250717 04:22:05.286000,0,0.1,8,0.1,6,REGULAR,REGULAR,PACF,10247
GTI,20250717 04:22:05.286000,0,0.1,8,0.1,6,REGULAR,REGULAR,PACF,10247
GTI,20250717 04:22:05.286000,0,0.1,8,0.1,6,REGULAR,REGULAR,PACF,10247
GTI,20250717 04:22:05.286000,0,0.1,8,0.1,6,REGULAR,REGULAR,PACF,10247
GTI,20250717 04:22:05.286000,0,0.1,8,0.1,6,REGULAR,REGULAR,PACF,10247
GTI,20250717 04:22:05.286000,0,0.1,8,0.1,6,REGULAR,REGULAR,PACF,10247
GTI,20250717 04:22:05.286000,0,0.1,8,0.1,6,REGULAR,REGULAR,PACF,10247
GTI,20250717 04:22:05.286000,0,0.1,8,0.1,6,REGULAR,REGULAR,PACF,10247
GTI,20250717 04:22:06.699000,0,0.1,8,0.1,5,REGULAR,REGULAR,PACF,10247
GTI,20250717 04:22:08.637000,0,0.1,8,0.1,1,REGULAR,REGULAR,PACF,10247
GTI,20250717 04:22:08.908000,0,0.1,10,0.1,57,REGULAR,REGULAR,PACF,10247
GTI,20250717 04:22:08.908000,0,0.1,10,0.1,57,REGULAR,REGULAR,PACF,10247
GTI,20250717 04:22:08.908000,0,0.1,10,0.1,57,REGULAR,REGULAR,PACF,10247
GTI,20250717 04:22:10.715000,0,0.1,8,0.1,5,REGULAR,REGULAR,PACF,10247
GTI,20250717 04:22:10.716000,0,0.1,8,0.1,5,REGULAR,REGULAR,PACF,10247
GTI,20250717 04:22:10.716000,0,0.1,8,0.1,5,REGULAR,REGULAR,PACF,10247
GTI,20250717 04:22:10.717000,0,0.1,487,0.1,5,REGULAR,REGULAR,PACF,10247
GTI,20250717 04:22:10.717000,0,0.1,487,0.1,5,REGULAR,REGULAR,PACF,10247
GTI,20250717 04:22:10.717000,0,0.1,487,0.1,5,REGULAR,REGULAR,PACF,10247
GTI,20250717 04:22:47.237000,0,0.1,44,0.1,57,REGULAR,REGULAR,NQEX,10247
GTI,20250717 04:22:47.237000,0,0.1,44,0.1,57,REGULAR,REGULAR,NQEX,10247
GTI,20250717 04:22:56.309000,0,0.1,44,0.1,57,REGULAR,REGULAR,NQEX,10247
GTI,20250717 04:23:00.414000,0,0.1,8,0.1,50,REGULAR,REGULAR,PACF,10247
GTI,20250717 04:23:00.418000,0,0.1,81,0.1,1,REGULAR,REGULAR,PACF,10247
GTI,20250717 04:23:00.418000,0,0.1,81,0.1,1,REGULAR,REGULAR,PACF,10247
GTI,20250717 04:23:00.421000,0,0.1,80,0.1,1,REGULAR,REGULAR,PACF,10247
GTI,20250717 04:23:00.421000,0,0.1,80,0.1,1,REGULAR,REGULAR,PACF,10247
GTI,20250717 04:23:00.421000,0,0.1,80,0.1,1,REGULAR,REGULAR,PACF,10247
GTI,20250717 04:23:12.674000,0,0.1,487,0.1,5,REGULAR,REGULAR,PACF,10247
GTI,20250717 04:23:13.830000,0,0.1,8,0.1,50,REGULAR,REGULAR,PACF,10247
GTI,20250717 04:23:13.830000,0,0.1,8,0.1,50,REGULAR,REGULAR,PACF,10247
GTI,20250717 04:23:13.830000,0,0.1,8,0.1,50,REGULAR,REGULAR,PACF,10247
GTI,20250717 04:23:15.411000,0,0.1,8,0.1,1,REGULAR,REGULAR,PACF,10305
GTI,20250717 04:23:15.411000,0,0.1,8,0.1,1,REGULAR,REGULAR,PACF,10305
GTI,20250717 04:23:15.411000,0,0.1,8,0.1,1,REGULAR,REGULAR,PACF,10305
GTI,20250717 04:23:16.033000,0,0.1,8,0.1,1,REGULAR,REGULAR,PACF,10305
GTI,20250717 04:23:16.033000,0,0.1,8,0.1,1,REGULAR,REGULAR,PACF,10305
GTI,20250717 04:23:17.558000,0,0.1,1,0.1,50,REGULAR,REGULAR,PACF,10247
GTI,20250717 04:23:35.922000,0,0.1,137,0.1,50,REGULAR,REGULAR,PACF,10247
GTI,20250717 04:23:39.301000,0,0.1,138,0.1,50,REGULAR,REGULAR,PACF,10247
GTI,20250717 04:23:40.463000,0,0.1,138,0.1,50,REGULAR,REGULAR,PACF,10247
GTI,20250717 04:23:40.464000,0,0.1,138,0.1,50,REGULAR,REGULAR,PACF,10247
GTI,20250717 04:23:45.187000,0,0.1,140,0.1,50,REGULAR,REGULAR,PACF,10247
GTI,20250717 04:23:48.236000,0,0.1,160,0.1,50,REGULAR,REGULAR,PACF,10247
GTI,20250717 04:23:49.810000,0,0.1,160,0.1,50,REGULAR,REGULAR,PACF,10247
GTI,20250717 04:23:50.906000,0,0.1,160,0.1,50,REGULAR,REGULAR,PACF,10247
GTI,20250717 04:23:51.497000,0,0.1,160,0.1,50,REGULAR,REGULAR,PACF,10247
GTI,20250717 04:23:52.290000,0,0.1,160,0.1,50,REGULAR,REGULAR,PACF,10247
GTI,20250717 04:23:52.715000,0,0.1,160,0.1,50,REGULAR,REGULAR,PACF,10247
GTI,20250717 04:23:53.512000,0,0.1,160,0.1,50,REGULAR,REGULAR,PACF,10247
GTI,20250717 04:23:53.828000,0,0.1,160,0.1,50,REGULAR,REGULAR,PACF,10247
GTI,20250717 04:23:54.426000,0,0.1,160,0.1,50,REGULAR,REGULAR,PACF,10247
GTI,20250717 04:23:55.125000,0,0.1,160,0.1,50,REGULAR,REGULAR,PACF,10247
GTI,20250717 04:23:55.570000,0,0.1,160,0.1,50,REGULAR,REGULAR,PACF,10247
GTI,20250717 04:23:55.965000,0,0.1,160,0.1,50,REGULAR,REGULAR,PACF,10247
GTI,20250717 04:23:57.224000,0,0.1,160,0.1,50,REGULAR,REGULAR,PACF,10247
GTI,20250717 04:23:57.380000,0,0.1,160,0.1,50,REGULAR,REGULAR,PACF,10247
GTI,20250717 04:24:07.066000,0,0.1,190,0.1,50,REGULAR,REGULAR,PACF,10247
GTI,20250717 04:24:07.131000,0,0.1,190,0.1,50,REGULAR,REGULAR,PACF,10247
GTI,20250717 04:24:07.936000,0,0.1,190,0.1,50,REGULAR,REGULAR,PACF,10247
GTI,20250717 04:24:08.643000,0,0.1,190,0.1,50,REGULAR,REGULAR,PACF,10247
GTI,20250717 04:24:09.150000,0,0.1,190,0.1,50,REGULAR,REGULAR,PACF,10247
GTI,20250717 04:24:09.650000,0,0.1,190,0.1,50,REGULAR,REGULAR,PACF,10247
GTI,20250717 04:24:10.056000,0,0.1,190,0.1,50,REGULAR,REGULAR,PACF,10247
GTI,20250717 04:24:10.500000,0,0.1,190,0.1,50,REGULAR,REGULAR,PACF,10247
GTI,20250717 04:24:11.908000,0,0.1,9,0.1,50,REGULAR,REGULAR,PACF,10247
GTI,20250717 04:24:13.238000,0,0.1,9,0.1,50,REGULAR,REGULAR,PACF,10247
GTI,20250717 04:24:13.249000,0,0.1,9,0.1,50,REGULAR,REGULAR,PACF,10247
GTI,20250717 04:24:13.675000,0,0.1,9,0.1,50,REGULAR,REGULAR,PACF,10247
GTI,20250717 04:24:14.140000,0,0.1,9,0.1,50,REGULAR,REGULAR,PACF,10247
GTI,20250717 04:24:14.427000,0,0.1,9,0.1,50,REGULAR,REGULAR,PACF,10247
GTI,20250717 04:24:15.043000,0,0.1,9,0.1,50,REGULAR,REGULAR,PACF,10247
GTI,20250717 04:24:20.455000,0,0.1,90,0.1,1,REGULAR,REGULAR,PACF,10247
GTI,20250717 04:24:20.455000,0,0.1,90,0.1,1,REGULAR,REGULAR,PACF,10247
GTI,20250717 04:24:20.455000,0,0.1,90,0.1,1,REGULAR,REGULAR,PACF,10247
GTI,20250717 04:24:20.455000,0,0.1,90,0.1,1,REGULAR,REGULAR,PACF,10247
GTI,20250717 04:24:20.455000,0,0.1,90,0.1,1,REGULAR,REGULAR,PACF,10247
GTI,20250717 04:24:23.695000,0,0.1,89,0.1,1,REGULAR,REGULAR,PACF,10247
GTI,20250717 04:24:25.451000,0,0.1,89,0.1,1,REGULAR,REGULAR,PACF,10247
GTI,20250717 04:24:25.875000,0,0.1,89,0.1,1,REGULAR,REGULAR,PACF,10247
GTI,20250717 04:24:26.738000,0,0.1,89,0.1,50,REGULAR,REGULAR,PACF,10247
GTI,20250717 04:24:27.973000,0,0.1,89,0.1,1,REGULAR,REGULAR,PACF,10247
GTI,20250717 04:24:31.563000,0,0.1,89,0.1,1,REGULAR,REGULAR,PACF,10247
