SymbolId,TradeTime,Index,Size,TotalVolume,Price,ReportingExchange,TradeCondition
SXTP,20250717 04:02:22.327000,41963,3,3,1.64,PACF,12545
SXTP,20250717 04:02:22.327000,41964,20,23,1.64,PACF,12545
SXTP,20250717 04:02:58.182000,51200,7,30,1.64,PACF,12545
SXTP,20250717 04:04:43.256000,79386,10,40,1.66,PACF,12545
SXTP,20250717 04:06:31.390000,100235,3,76,1.64,PACF,12545
SXTP,20250717 04:06:31.390000,100236,80,156,1.64,PACF,12545
SXTP,20250717 04:06:31.390000,100234,33,73,1.64,PACF,12545
SXTP,20250717 04:06:31.399000,100239,20,176,1.64,MEMX,12545
SXTP,20250717 04:06:31.399000,100240,2,178,1.64,MEMX,12545
SXTP,20250717 04:07:15.502000,108114,30,208,1.64,MEMX,12545
SXTP,20250717 04:07:15.791000,108262,2,210,1.64,MEMX,12545
SXTP,20250717 04:07:23.884000,109731,2,212,1.64,MEMX,12545
SXTP,20250717 04:07:33.125000,111479,30,242,1.64,NQEX,12545
SXTP,20250717 04:07:33.937000,111656,2,244,1.63,EDGX,12545
SXTP,20250717 04:07:53.212000,115054,20,264,1.63,NQEX,12545
SXTP,20250717 04:08:24.067000,120808,127,391,1.63,PACF,12545
SXTP,20250717 04:09:50.202000,134556,12,411,1.63,PACF,12545
SXTP,20250717 04:09:50.202000,134554,7,398,1.63,NQEX,12545
SXTP,20250717 04:09:50.202000,134555,1,399,1.63,PACF,12545
SXTP,20250717 04:10:03.071000,136645,16,1227,1.61,EDGX,12545
SXTP,20250717 04:10:03.071000,136644,800,1211,1.62,EDGX,12545
SXTP,20250717 04:10:03.073000,136647,100,1461,1.59,PACF,12545
SXTP,20250717 04:10:03.073000,136646,134,1361,1.6,PACF,12545
SXTP,20250717 04:10:03.080000,136648,50,1511,1.58,MEMX,12545
SXTP,20250717 04:10:08.547000,137588,600,2111,1.58,MEMX,12545
SXTP,20250717 04:11:46.345000,153750,20,2131,1.58,EDGX,12545
SXTP,20250717 04:11:46.345000,153751,75,2206,1.57,EDGX,12545
SXTP,20250717 04:15:35.298000,188508,600,4188,1.63,PACF,12545
SXTP,20250717 04:15:35.298000,188507,20,3588,1.63,PACF,12545
SXTP,20250717 04:15:35.298000,188506,16,3568,1.63,PACF,12545
SXTP,20250717 04:15:35.298000,188505,1346,3552,1.63,PACF,12545
SXTP,20250717 04:16:50.628000,201330,788,4976,1.62,PACF,12545
SXTP,20250717 04:16:50.628000,201331,100,5076,1.58,PACF,12545
SXTP,20250717 04:18:19.175000,216412,12,5088,1.58,PACF,12545
SXTP,20250717 04:18:20.727000,216604,100,5188,1.58,PACF,12545
SXTP,20250717 04:18:32.828000,218442,1,5189,1.58,EDGX,12545
SXTP,20250717 04:20:19.144000,233662,30,5219,1.58,NQEX,12545
SXTP,20250717 04:20:19.146000,233663,2,5221,1.58,EDGX,12545
SXTP,20250717 04:20:19.622000,233734,2,5223,1.58,PACF,12545
SXTP,20250717 04:20:19.742000,233738,27,5250,1.58,PACF,12545
SXTP,20250717 04:20:22.419000,234053,1,5251,1.59,NQEX,12545
SXTP,20250717 04:20:32.656000,235194,1,5252,1.62,PACF,12545
SXTP,20250717 04:20:59.733000,239604,5,5257,1.62,NQEX,12545
SXTP,20250717 04:26:37.307000,307206,22,5279,1.62,PACF,12545
SXTP,20250717 04:27:32.713000,314007,10,5289,1.61,PACF,12545
SXTP,20250717 04:28:11.197000,319159,1,5290,1.59,PACF,12545
SXTP,20250717 04:28:19.064000,320301,11,5301,1.61,PACF,12545
SXTP,20250717 04:30:00.932000,335547,10,5311,1.61,PACF,12545
SXTP,20250717 04:30:29.556000,339990,1,5312,1.58,PACF,12545
SXTP,20250717 04:34:49.799000,380574,10,5322,1.59,PACF,12545
SXTP,20250717 04:34:55.281000,381781,10,5332,1.59,PACF,12545
SXTP,20250717 04:35:04.137000,383525,10,5342,1.59,PACF,12545
SXTP,20250717 04:35:15.337000,385339,130,5472,1.6,PACF,12545
SXTP,20250717 04:35:16.880000,385479,1,5473,1.58,PACF,12545
SXTP,20250717 04:35:27.878000,387063,10,5483,1.6,PACF,12545
SXTP,20250717 04:35:31.086000,387549,44,5527,1.6,PACF,12545
SXTP,20250717 04:35:31.088000,387550,20,5547,1.61,PACF,12545
SXTP,20250717 04:35:31.090000,387551,136,5683,1.62,PACF,12545
SXTP,20250717 04:36:14.712000,396215,3,5686,1.62,PACF,12545
SXTP,20250717 04:38:41.511000,420512,10,5696,1.62,PACF,12545
SXTP,20250717 04:39:02.820000,422899,10,5706,1.62,PACF,12545
SXTP,20250717 04:39:05.421000,423363,100,5926,1.59,PACF,12545
SXTP,20250717 04:39:05.421000,423364,18,5944,1.58,PACF,12545
SXTP,20250717 04:39:05.421000,423362,120,5826,1.59,PACF,12545
SXTP,20250717 04:39:05.421000,423367,200,6213,1.58,EDGX,12545
SXTP,20250717 04:39:05.421000,423368,998,7211,1.57,PACF,12545
SXTP,20250717 04:39:05.421000,423366,2,6013,1.58,EDGX,12545
SXTP,20250717 04:39:05.421000,423365,67,6011,1.57,PACF,12545
SXTP,20250717 04:39:14.875000,424560,10,7221,1.57,PACF,12545
SXTP,20250717 04:39:21.089000,425108,10,7231,1.57,PACF,12545
SXTP,20250717 04:39:26.852000,425758,10,7241,1.57,PACF,12545
SXTP,20250717 04:39:32.064000,426290,10,7251,1.57,PACF,12545
SXTP,20250717 04:39:37.195000,426863,10,7261,1.57,PACF,12545
SXTP,20250717 04:39:42.847000,427439,10,7271,1.57,PACF,12545
SXTP,20250717 04:39:48.386000,428156,10,7281,1.57,PACF,12545
SXTP,20250717 04:39:53.294000,428771,10,7291,1.57,PACF,12545
SXTP,20250717 04:39:57.811000,429359,10,7301,1.57,PACF,12545
SXTP,20250717 04:40:02.693000,429756,6,7311,1.61,PACF,12545
SXTP,20250717 04:40:02.693000,429755,4,7305,1.57,PACF,12545
SXTP,20250717 04:41:37.281000,442979,10,7321,1.62,PACF,12545
SXTP,20250717 04:46:33.223000,477776,22,7343,1.61,PACF,12545
SXTP,20250717 04:49:45.027000,506691,41,7384,1.62,NQEX,12545
SXTP,20250717 04:49:45.027000,506692,35,7419,1.62,MEMX,12545
SXTP,20250717 04:49:45.027000,506693,432,7851,1.62,PACF,12545
SXTP,20250717 04:49:45.027000,506694,1,7852,1.62,PACF,12545
SXTP,20250717 04:49:45.027000,506695,46,7898,1.62,PACF,12545
SXTP,20250717 04:49:45.027000,506696,40,7938,1.62,PACF,12545
SXTP,20250717 04:51:42.454000,521393,3,7941,1.63,PACF,12545
SXTP,20250717 04:51:42.454000,521394,40,7981,1.63,NQEX,12545
SXTP,20250717 04:54:31.762000,542315,20,8001,1.68,PACF,12545
SXTP,20250717 04:54:53.147000,544836,6,8007,1.63,PACF,12545
SXTP,20250717 04:54:53.147000,544837,10,8017,1.63,PACF,12545
SXTP,20250717 04:54:53.147000,544838,84,8101,1.63,PACF,12545
SXTP,20250717 04:54:53.150000,544841,20,8192,1.63,PACF,12545
SXTP,20250717 04:54:53.150000,544840,5,8172,1.63,PACF,12545
SXTP,20250717 04:54:53.150000,544839,66,8167,1.63,PACF,12545
SXTP,20250717 04:54:53.153000,544842,9,8201,1.63,PACF,12545
SXTP,20250717 05:01:47.914000,602046,291,8492,1.63,NQEX,12545
SXTP,20250717 05:03:30.190000,614884,2,8494,1.68,PACF,12545
SXTP,20250717 05:04:13.729000,619531,1,8495,1.69,PACF,12545
SXTP,20250717 05:04:26.383000,621125,1,8496,1.72,PACF,12545
SXTP,20250717 05:05:59.003000,634375,1,8497,1.68,EDGX,12545
SXTP,20250717 05:05:59.003000,634377,1,8499,1.63,EDGX,12545
SXTP,20250717 05:05:59.003000,634376,1,8498,1.67,EDGX,12545
SXTP,20250717 05:05:59.003000,634378,1,8500,1.7,NQEX,12545
SXTP,20250717 05:05:59.003000,634379,1,8501,1.72,BATS,12545
SXTP,20250717 05:10:23.797000,663569,23,8524,1.63,PACF,12545
SXTP,20250717 05:14:44.034000,691243,1,8525,1.69,MEMX,12545
SXTP,20250717 05:14:44.036000,691244,19,8544,1.63,PACF,12545
SXTP,20250717 05:15:53.479000,698251,30,8574,1.69,PACF,12545
SXTP,20250717 05:18:04.762000,711497,90,8664,1.69,PACF,12545
SXTP,20250717 05:18:56.411000,716111,1,8665,1.64,PACF,12545
SXTP,20250717 05:18:56.411000,716112,59,8724,1.65,EDGX,12545
SXTP,20250717 05:19:45.718000,720720,30,8754,1.65,EDGX,12545
SXTP,20250717 05:23:47.302000,742905,1,8755,1.65,EDGX,12545
SXTP,20250717 05:28:38.446000,777459,21,8776,1.63,PACF,12545
SXTP,20250717 05:29:01.379000,779654,144,8920,1.6,PACF,12545
SXTP,20250717 05:29:01.380000,779655,31,8951,1.6,EDGX,12545
SXTP,20250717 05:29:02.284000,779703,29,8980,1.6,EDGX,12545
SXTP,20250717 05:29:02.285000,779704,121,9101,1.6,PACF,12545
SXTP,20250717 05:29:09.036000,780568,29,9282,1.59,PACF,12545
SXTP,20250717 05:29:09.036000,780567,31,9253,1.59,PACF,12545
SXTP,20250717 05:29:09.036000,780566,121,9222,1.59,PACF,12545
SXTP,20250717 05:29:16.248000,781381,121,9438,1.58,PACF,12545
SXTP,20250717 05:29:16.248000,781380,10,9317,1.58,PACF,12545
SXTP,20250717 05:29:16.248000,781379,15,9307,1.58,PACF,12545
SXTP,20250717 05:29:16.248000,781383,5,9697,1.58,EDGX,12545
SXTP,20250717 05:29:16.248000,781378,10,9292,1.58,PACF,12545
SXTP,20250717 05:29:16.248000,781384,10,9707,1.58,EDGX,12545
SXTP,20250717 05:29:16.248000,781382,254,9692,1.58,PACF,12545
SXTP,20250717 05:29:17.488000,781565,25,9732,1.58,PACF,12545
SXTP,20250717 05:29:23.614000,782236,331,10063,1.57,PACF,12545
SXTP,20250717 05:31:06.046000,794279,20,10083,1.59,PACF,12545
SXTP,20250717 05:31:06.046000,794280,203,10286,1.58,PACF,12545
SXTP,20250717 05:34:57.851000,817265,1,10290,1.59,EDGX,12545
SXTP,20250717 05:34:57.851000,817267,200,10590,1.58,EDGX,12545
SXTP,20250717 05:34:57.851000,817268,400,10990,1.58,EDGX,12545
SXTP,20250717 05:34:57.851000,817266,100,10390,1.58,EDGX,12545
SXTP,20250717 05:34:57.851000,817264,1,10289,1.59,EDGX,12545
SXTP,20250717 05:34:57.851000,817263,2,10288,1.59,EDGX,12545
SXTP,20250717 05:34:57.852000,817269,48,11038,1.58,PACF,12545
SXTP,20250717 05:34:57.852000,817271,104,11157,1.58,PACF,12545
SXTP,20250717 05:34:57.852000,817270,15,11053,1.58,PACF,12545
SXTP,20250717 05:41:06.314000,850768,3,11160,1.59,EDGX,12545
SXTP,20250717 05:41:12.988000,851363,600,11760,1.59,EDGX,12545
SXTP,20250717 05:41:14.937000,851468,100,11860,1.59,PACF,12545
SXTP,20250717 05:50:09.087000,892296,5,11865,1.59,EDGX,12545
SXTP,20250717 05:50:42.636000,894888,4,11869,1.59,EDGX,12545
SXTP,20250717 05:51:27.044000,897913,49,11918,1.59,PACF,12545
SXTP,20250717 05:52:45.038000,903715,1,11919,1.63,EDGX,12545
SXTP,20250717 05:53:03.715000,905113,199,12118,1.63,EDGX,12545
SXTP,20250717 05:53:03.716000,905115,180,12498,1.63,PACF,12545
SXTP,20250717 05:53:03.716000,905114,200,12318,1.63,PACF,12545
SXTP,20250717 06:14:33.349000,1039794,40,12598,1.62,PACF,12545
SXTP,20250717 06:14:33.349000,1039793,60,12558,1.63,PACF,12545
SXTP,20250717 06:14:45.365000,1040528,99,12697,1.62,NQEX,12545
SXTP,20250717 06:17:36.140000,1057464,1,12698,1.62,EDGX,12545
SXTP,20250717 06:17:38.951000,1058214,198,12896,1.62,EDGX,12545
SXTP,20250717 06:18:26.740000,1066053,1,12897,1.62,PACF,12545
SXTP,20250717 06:18:26.740000,1066054,59,12956,1.62,PACF,12545
SXTP,20250717 06:21:26.534000,1098461,356,13312,1.62,PACF,12545
SXTP,20250717 06:23:48.065000,1119383,10,13322,1.62,MEMX,12545
SXTP,20250717 06:27:42.335000,1156797,44,13366,1.63,PACF,12545
SXTP,20250717 06:27:42.337000,1156798,25,13391,1.63,PACF,12545
SXTP,20250717 06:28:33.628000,1163209,31,13422,1.63,PACF,12545
SXTP,20250717 06:28:33.628000,1163210,18,13440,1.62,PACF,12545
SXTP,20250717 06:28:33.631000,1163211,13,13453,1.63,PACF,12545
SXTP,20250717 06:28:58.523000,1165669,10,13476,1.63,PACF,12545
SXTP,20250717 06:28:58.523000,1165671,1,13546,1.62,PACF,12545
SXTP,20250717 06:28:58.523000,1165672,10,13556,1.62,PACF,12545
SXTP,20250717 06:28:58.523000,1165668,13,13466,1.63,PACF,12545
SXTP,20250717 06:28:58.523000,1165670,69,13545,1.62,PACF,12545
SXTP,20250717 06:28:58.523000,1165673,1,13557,1.62,PACF,12545
SXTP,20250717 06:29:45.704000,1171206,64,13621,1.62,PACF,12545
SXTP,20250717 06:32:33.745000,1189833,50,13671,1.62,PACF,12545
SXTP,20250717 06:33:13.602000,1192824,100,13771,1.62,PACF,12545
SXTP,20250717 06:33:32.408000,1194218,358,14129,1.62,PACF,12545
SXTP,20250717 06:33:32.410000,1194219,5,14134,1.61,PACF,12545
SXTP,20250717 06:33:32.418000,1194220,95,14229,1.6,BATS,12545
SXTP,20250717 06:33:53.886000,1197577,205,15296,1.6,BATS,12545
SXTP,20250717 06:33:53.886000,1197576,862,15091,1.59,PACF,12545
SXTP,20250717 06:33:54.954000,1197906,100,15396,1.61,MEMX,12545
SXTP,20250717 06:34:13.456000,1200405,100,15496,1.61,MEMX,12545
SXTP,20250717 06:34:13.456000,1200406,100,15596,1.61,MEMX,12545
SXTP,20250717 06:39:44.778000,1239620,20,15616,1.6,EDGX,12545
SXTP,20250717 06:39:44.779000,1239621,8,15624,1.59,PACF,12545
SXTP,20250717 06:39:44.783000,1239622,10,15634,1.62,PACF,12545
SXTP,20250717 06:39:46.942000,1240104,1,15635,1.62,PACF,12545
SXTP,20250717 06:39:57.566000,1241667,9,15644,1.62,PACF,12545
SXTP,20250717 06:40:48.636000,1250000,10,15654,1.59,PACF,12545
SXTP,20250717 06:41:52.156000,1258375,2,15656,1.62,PACF,12545
SXTP,20250717 06:41:55.517000,1258741,5,15661,1.62,PACF,12545
SXTP,20250717 06:45:40.376000,1292081,10,15671,1.59,PACF,12545
SXTP,20250717 06:45:40.378000,1292082,10,15681,1.62,PACF,12545
SXTP,20250717 06:52:23.559000,1347468,10,15691,1.62,PACF,12545
SXTP,20250717 06:57:27.421000,1388975,20,15711,1.62,PACF,12545
SXTP,20250717 06:59:30.393000,1405711,1,15712,1.62,PACF,12545
SXTP,20250717 07:00:00.108000,1412742,10,15722,1.62,PACF,12545
SXTP,20250717 07:00:07.624000,1423808,5,15727,1.63,PACF,12545
SXTP,20250717 07:00:55.230000,1443503,1,15729,1.64,PACF,12545
SXTP,20250717 07:00:55.230000,1443502,1,15728,1.67,NQEX,12545
SXTP,20250717 07:01:41.398000,1460120,1,15730,1.64,PACF,12545
SXTP,20250717 07:02:34.444000,1473098,10,15740,1.68,PACF,12545
SXTP,20250717 07:03:18.642000,1481874,32,15772,1.66,PACF,12545
SXTP,20250717 07:03:18.642000,1481875,4,15776,1.67,PACF,12545
SXTP,20250717 07:03:18.643000,1481877,5,15808,1.67,PACF,12545
SXTP,20250717 07:03:18.643000,1481876,27,15803,1.67,PACF,12545
SXTP,20250717 07:03:28.435000,1483939,12,15840,1.67,PACF,12545
SXTP,20250717 07:03:28.435000,1483938,20,15828,1.66,PACF,12545
SXTP,20250717 07:03:56.626000,1491034,1,15841,1.68,PACF,12545
SXTP,20250717 07:04:27.438000,1500599,1,15842,1.67,NQEX,12545
SXTP,20250717 07:04:34.730000,1502843,100,15942,1.65,PACF,12545
SXTP,20250717 07:04:37.920000,1503698,1,15943,1.63,EDGX,12545
SXTP,20250717 07:04:39.165000,1504079,310,16253,1.66,PACF,12545
SXTP,20250717 07:05:30.167000,1517455,24,16277,1.63,NQEX,12545
SXTP,20250717 07:06:27.094000,1530890,1,16278,1.63,PACF,12545
SXTP,20250717 07:08:23.580000,1558014,55,16334,1.65,NQEX,12545
SXTP,20250717 07:08:23.580000,1558013,1,16279,1.63,PACF,12545
SXTP,20250717 07:08:44.453000,1564701,44,16378,1.65,NQEX,12545
SXTP,20250717 07:08:44.453000,1564702,56,16434,1.66,NQEX,12545
SXTP,20250717 07:08:44.453000,1564705,56,16734,1.66,PACF,12545
SXTP,20250717 07:08:44.453000,1564703,200,16634,1.65,PACF,12545
SXTP,20250717 07:08:44.453000,1564704,44,16678,1.65,PACF,12545
SXTP,20250717 07:08:44.454000,1564706,244,16978,1.66,PACF,12545
SXTP,20250717 07:08:44.454000,1564707,44,17022,1.66,NQEX,12545
SXTP,20250717 07:08:44.455000,1564708,29,17051,1.67,PACF,12545
SXTP,20250717 07:08:47.378000,1566160,1268,18334,1.68,EDGX,12545
SXTP,20250717 07:08:47.378000,1566159,15,17066,1.68,EDGX,12545
SXTP,20250717 07:12:05.802000,1615120,1,18335,1.68,NQEX,12545
SXTP,20250717 07:12:12.477000,1616079,1,18336,1.68,NQEX,12545
SXTP,20250717 07:14:39.880000,1646750,88,18424,1.65,PACF,12545
SXTP,20250717 07:14:39.880000,1646751,412,18836,1.66,PACF,12545
SXTP,20250717 07:14:41.094000,1647151,500,19336,1.66,PACF,12545
SXTP,20250717 07:15:23.466000,1655382,7,19346,1.67,PACF,12545
SXTP,20250717 07:15:23.466000,1655381,3,19339,1.67,PACF,12545
SXTP,20250717 07:15:57.039000,1659599,7,19356,1.68,PACF,12545
SXTP,20250717 07:15:57.039000,1659598,3,19349,1.68,PACF,12545
SXTP,20250717 07:16:27.487000,1663994,20,19376,1.68,PACF,12545
SXTP,20250717 07:17:02.628000,1669298,400,19776,1.68,PACF,12545
SXTP,20250717 07:21:20.749000,1703725,26,19802,1.66,BATS,12545
SXTP,20250717 07:22:40.826000,1714493,100,19902,1.66,PACF,12545
SXTP,20250717 07:27:04.820000,1757601,1,19903,1.65,PACF,12545
SXTP,20250717 07:28:58.818000,1773546,2,19905,1.65,PACF,12545
SXTP,20250717 07:32:13.035000,1802648,1,19906,1.67,PACF,12545
SXTP,20250717 07:32:13.035000,1802649,54,19960,1.67,PACF,12545
SXTP,20250717 07:42:53.164000,1927089,200,20246,1.67,PACF,12545
SXTP,20250717 07:42:53.164000,1927088,86,20046,1.67,PACF,12545
SXTP,20250717 07:42:53.165000,1927091,7,20311,1.68,PACF,12545
SXTP,20250717 07:42:53.165000,1927093,314,20646,1.68,PACF,12545
SXTP,20250717 07:42:53.165000,1927092,21,20332,1.68,PACF,12545
SXTP,20250717 07:42:53.165000,1927090,58,20304,1.68,PACF,12545
SXTP,20250717 07:42:53.166000,1927095,72,20742,1.66,PACF,12545
SXTP,20250717 07:42:53.166000,1927094,24,20670,1.66,PACF,12545
SXTP,20250717 07:49:26.087000,1981918,148,20890,1.68,PACF,12545
SXTP,20250717 07:50:46.994000,1990738,1,20891,1.68,PACF,12545
SXTP,20250717 07:56:48.155000,2040708,15,20906,1.68,PACF,12545
SXTP,20250717 08:00:00.105000,2070089,296,21202,1.64,NQNX,12545
SXTP,20250717 08:00:00.126000,2072167,105,21307,1.64,NQNX,12545
SXTP,20250717 08:00:00.325000,2090508,70,21377,1.68,NQNX,12545
SXTP,20250717 08:00:00.515000,2098204,488,21865,1.62,NQNX,12545
SXTP,20250717 08:00:00.570000,2100428,125,21990,1.63,NQNX,12545
SXTP,20250717 08:00:00.580000,2100884,44,22034,1.65,NQNX,12545
SXTP,20250717 08:00:00.747000,2107972,100,22134,1.65,NTRF,12545
SXTP,20250717 08:00:00.821000,2110559,15,22149,1.58,NQNX,12545
SXTP,20250717 08:00:00.957000,2117018,374,22523,1.64,NQNX,12545
SXTP,20250717 08:00:01.240000,2131367,131,22654,1.66,NQNX,12545
SXTP,20250717 08:00:01.388000,2138538,2,22656,1.68,NTRF,12545
SXTP,20250717 08:00:01.449000,2141622,296,22952,1.64,NQNX,12545
SXTP,20250717 08:00:01.551000,2146534,314,23266,1.68,NQNX,12545
SXTP,20250717 08:00:01.861000,2161817,3,23269,1.68,NQNX,12545
SXTP,20250717 08:00:01.867000,2162161,50,23319,1.68,NQNX,12545
SXTP,20250717 08:00:01.940000,2164074,97,23416,1.59,NQNX,12545
SXTP,20250717 08:00:02.255000,2170918,388,23804,1.66,NQNX,12545
SXTP,20250717 08:00:02.561000,2177867,1,23805,1.68,NQNX,12545
SXTP,20250717 08:00:02.660000,2179831,20,23825,1.61,NQNX,12545
SXTP,20250717 08:00:02.971000,2186359,4,23829,1.59,NQNX,12545
SXTP,20250717 08:00:03.426000,2195397,100,23929,1.63,NQNX,12545
SXTP,20250717 08:00:03.730000,2199727,18,23947,1.6,NQNX,12545
SXTP,20250717 08:00:03.783000,2200391,20,23967,1.68,NQNX,12545
SXTP,20250717 08:00:03.959000,2202677,713,24680,1.69,NQNX,12545
SXTP,20250717 08:00:04.092000,2204313,70,24750,1.68,NQNX,12545
SXTP,20250717 08:00:04.130000,2204734,14,24764,1.59,NQNX,12545
SXTP,20250717 08:00:04.160000,2205051,76,24840,1.59,NQNX,12545
SXTP,20250717 08:00:04.410000,2207762,16,24856,1.65,NQNX,12545
SXTP,20250717 08:00:05.111000,2218058,30,24886,1.63,NQNX,12545
SXTP,20250717 08:00:05.690000,2231264,68,24954,1.68,NQNX,12545
SXTP,20250717 08:00:05.760000,2232919,20,24974,1.64,NQNX,12545
SXTP,20250717 08:00:05.870000,2235540,98,25072,1.64,NQNX,12545
SXTP,20250717 08:00:06.310000,2246414,15,25087,1.64,NQNX,12545
SXTP,20250717 08:00:06.818000,2259293,35,25122,1.59,NQNX,12545
SXTP,20250717 08:00:06.831000,2259641,125,25247,1.6,NQNX,12545
SXTP,20250717 08:00:06.842000,2259934,24,25271,1.68,NQNX,12545
SXTP,20250717 08:00:06.940000,2262478,35,25306,1.66,NQNX,12545
SXTP,20250717 08:00:07.360000,2273305,30,25336,1.66,NQNX,12545
SXTP,20250717 08:00:07.558000,2277922,51,25387,1.62,NQNX,12545
SXTP,20250717 08:00:07.801000,2283411,3,25390,1.58,NQNX,12545
SXTP,20250717 08:00:07.893000,2284442,25,25415,1.69,NQNX,12545
SXTP,20250717 08:00:09.440000,2303626,10,25425,1.63,NQNX,12545
SXTP,20250717 08:00:09.470000,2304132,10,25435,1.63,NQNX,12545
SXTP,20250717 08:00:10.350000,2317804,27,25462,1.62,NQNX,12545
SXTP,20250717 08:00:10.876000,2323485,30,25492,1.7,NQNX,12545
SXTP,20250717 08:00:10.941000,2324303,1,25493,1.62,NQNX,12545
SXTP,20250717 08:00:11.230000,2328020,30,25523,1.61,NQNX,12545
SXTP,20250717 08:00:13.210000,2345395,25,25548,1.62,NQNX,12545
SXTP,20250717 08:00:15.310000,2361482,186,25734,1.62,NQNX,12545
SXTP,20250717 08:00:15.750000,2365361,100,25834,1.66,NQNX,12545
SXTP,20250717 08:00:17.230000,2378635,30,25864,1.68,NQNX,12545
SXTP,20250717 08:00:17.690000,2382975,1,25865,1.68,NQNX,12545
SXTP,20250717 08:00:18.295000,2388312,127,25992,1.64,NQNX,12545
SXTP,20250717 08:00:18.640000,2391213,300,26292,1.68,NQNX,12545
SXTP,20250717 08:00:20.570000,2406455,50,26342,1.68,NQNX,12545
SXTP,20250717 08:00:20.890000,2408997,50,26392,1.68,NQNX,12545
SXTP,20250717 08:00:20.920000,2409256,10,26402,1.68,NQNX,12545
SXTP,20250717 08:00:20.930000,2409365,4,26406,1.68,NQNX,12545
SXTP,20250717 08:00:23.397000,2421448,50,26456,1.69,NQNX,12545
SXTP,20250717 08:00:32.308000,2447266,200,26656,1.68,PACF,12545
SXTP,20250717 08:00:32.309000,2447269,10,26702,1.68,PACF,12545
SXTP,20250717 08:00:32.309000,2447268,36,26692,1.68,PACF,12545
SXTP,20250717 08:00:32.310000,2447272,5,26707,1.67,PACF,12545
SXTP,20250717 08:00:32.311000,2447281,100,26807,1.66,NQNX,12545
SXTP,20250717 08:00:32.311000,2447282,243,27050,1.66,MEMX,12545
SXTP,20250717 08:00:32.312000,2447287,50,27100,1.66,PACF,12545
SXTP,20250717 08:00:32.393000,2447422,105,27205,1.66,NQNX,12545
SXTP,20250717 08:01:10.088000,2474498,59,27264,1.69,PACF,12545
SXTP,20250717 08:01:12.189000,2475695,60,27324,1.68,NQNX,12545
SXTP,20250717 08:01:12.518000,2475846,3,27327,1.69,NQEX,12545
SXTP,20250717 08:01:12.520000,2475847,200,27527,1.69,BATS,12545
SXTP,20250717 08:01:12.521000,2475855,1,27931,1.7,PACF,12545
SXTP,20250717 08:01:12.521000,2475849,33,27630,1.7,PACF,12545
SXTP,20250717 08:01:12.521000,2475854,1,27930,1.7,PACF,12545
SXTP,20250717 08:01:12.521000,2475853,9,27929,1.7,PACF,12545
SXTP,20250717 08:01:12.521000,2475852,100,27920,1.7,PACF,12545
SXTP,20250717 08:01:12.521000,2475851,100,27820,1.7,PACF,12545
SXTP,20250717 08:01:12.521000,2475848,70,27597,1.69,PACF,12545
SXTP,20250717 08:01:12.521000,2475850,90,27720,1.7,PACF,12545
SXTP,20250717 08:01:12.522000,2475858,52,28080,1.72,EDGX,12545
SXTP,20250717 08:01:12.522000,2475856,30,27961,1.7,EDGX,12545
SXTP,20250717 08:01:12.522000,2475857,67,28028,1.72,EDGX,12545
SXTP,20250717 08:01:12.526000,2475861,100,28206,1.72,MEMX,12545
SXTP,20250717 08:01:12.526000,2475860,26,28106,1.72,PACF,12545
SXTP,20250717 08:01:12.532000,2475894,1,28207,1.73,PACF,12545
SXTP,20250717 08:01:12.533000,2475895,20,28227,1.74,PACF,12545
SXTP,20250717 08:01:12.533000,2475896,60,28287,1.75,PACF,12545
SXTP,20250717 08:01:13.272000,2476662,25,28312,1.76,PACF,12545
SXTP,20250717 08:01:13.274000,2476663,1,28313,1.77,PACF,12545
SXTP,20250717 08:01:13.274000,2476664,2,28315,1.77,PACF,12545
SXTP,20250717 08:01:13.279000,2476667,250,28593,1.79,PACF,12545
SXTP,20250717 08:01:13.279000,2476665,15,28330,1.79,EDGX,12545
SXTP,20250717 08:01:13.279000,2476666,13,28343,1.79,PACF,12545
SXTP,20250717 08:01:13.282000,2476671,1,28594,1.8,PACF,12545
SXTP,20250717 08:01:13.282000,2476672,746,29340,1.8,PACF,12545
SXTP,20250717 08:01:13.287000,2476675,447,29787,1.8,PACF,12545
SXTP,20250717 08:01:13.289000,2476679,100,29887,1.76,NQEX,12545
SXTP,20250717 08:01:13.392000,2476703,200,30087,1.78,NQEX,12545
SXTP,20250717 08:01:13.392000,2476704,100,30187,1.79,NQEX,12545
SXTP,20250717 08:01:13.394000,2476705,21,30208,1.8,NQEX,12545
SXTP,20250717 08:01:13.397000,2476706,729,30937,1.8,PACF,12545
SXTP,20250717 08:01:13.397000,2476707,429,31366,1.8,PACF,12545
SXTP,20250717 08:01:13.403000,2476708,21,31387,1.8,PACF,12545
SXTP,20250717 08:01:13.544000,2476866,55,31462,1.74,PACF,12545
SXTP,20250717 08:01:13.544000,2476865,20,31407,1.75,PACF,12545
SXTP,20250717 08:01:14.863000,2477800,30,31612,1.78,EDGX,12545
SXTP,20250717 08:01:14.863000,2477797,20,31482,1.78,MEMX,12545
SXTP,20250717 08:01:14.863000,2477798,80,31562,1.79,MEMX,12545
SXTP,20250717 08:01:14.863000,2477799,20,31582,1.78,EDGX,12545
SXTP,20250717 08:01:14.865000,2477805,35,31803,1.79,PACF,12545
SXTP,20250717 08:01:14.865000,2477804,11,31768,1.79,PACF,12545
SXTP,20250717 08:01:14.865000,2477803,55,31757,1.79,PACF,12545
SXTP,20250717 08:01:14.865000,2477806,659,32462,1.8,PACF,12545
SXTP,20250717 08:01:14.865000,2477802,90,31702,1.78,PACF,12545
SXTP,20250717 08:01:15.753000,2478687,1058,33520,1.8,NQNX,12545
SXTP,20250717 08:01:15.755000,2478689,55,33595,1.7,PACF,12545
SXTP,20250717 08:01:15.755000,2478688,20,33540,1.71,PACF,12545
SXTP,20250717 08:01:15.756000,2478690,200,33795,1.74,MEMX,12545
SXTP,20250717 08:01:15.756000,2478691,100,33895,1.74,PACF,12545
SXTP,20250717 08:01:15.787000,2478703,500,34395,1.78,NQNX,12545
SXTP,20250717 08:01:16.176000,2478860,1063,35458,1.78,NQNX,12545
SXTP,20250717 08:01:16.203000,2478866,500,35958,1.78,NQNX,12545
SXTP,20250717 08:01:16.205000,2478868,55,36033,1.68,PACF,12545
SXTP,20250717 08:01:16.205000,2478867,20,35978,1.69,PACF,12545
SXTP,20250717 08:01:16.347000,2478896,26,36059,1.75,NQEX,12545
SXTP,20250717 08:01:16.347000,2478898,23,36282,1.76,NQEX,12545
SXTP,20250717 08:01:16.347000,2478897,200,36259,1.75,NQEX,12545
SXTP,20250717 08:01:17.327000,2479344,2486,38768,1.8,NQNX,12545
SXTP,20250717 08:01:17.329000,2479345,210,38978,1.67,NQNX,12545
SXTP,20250717 08:01:17.942000,2479629,500,39478,1.78,NQNX,12545
SXTP,20250717 08:01:17.943000,2479630,105,39583,1.67,NQNX,12545
SXTP,20250717 08:01:17.984000,2479646,25,39673,1.78,PACF,12545
SXTP,20250717 08:01:17.984000,2479643,20,39603,1.77,EDGX,12545
SXTP,20250717 08:01:17.984000,2479644,25,39628,1.78,EDGX,12545
SXTP,20250717 08:01:17.984000,2479645,20,39648,1.77,PACF,12545
SXTP,20250717 08:01:17.985000,2479647,20,39693,1.78,EDGX,12545
SXTP,20250717 08:01:17.985000,2479648,20,39713,1.78,PACF,12545
SXTP,20250717 08:01:17.985000,2479649,1,39714,1.79,EDGX,12545
SXTP,20250717 08:01:17.985000,2479650,1,39715,1.79,EDGX,12545
SXTP,20250717 08:01:17.985000,2479651,10,39725,1.79,PACF,12545
SXTP,20250717 08:01:17.986000,2479662,105,42224,1.75,NQNX,12545
SXTP,20250717 08:01:17.986000,2479657,100,41098,1.8,MEMX,12545
SXTP,20250717 08:01:17.986000,2479656,29,40998,1.8,PACF,12545
SXTP,20250717 08:01:17.986000,2479655,669,40969,1.8,PACF,12545
SXTP,20250717 08:01:17.986000,2479654,21,40300,1.79,PACF,12545
SXTP,20250717 08:01:17.986000,2479659,21,41565,1.79,NQEX,12545
SXTP,20250717 08:01:17.986000,2479660,233,41798,1.8,NQEX,12545
SXTP,20250717 08:01:17.986000,2479661,321,42119,1.8,NQEX,12545
SXTP,20250717 08:01:17.986000,2479653,54,40279,1.79,NQEX,12545
SXTP,20250717 08:01:17.986000,2479652,500,40225,1.79,NQEX,12545
SXTP,20250717 08:01:17.986000,2479658,446,41544,1.79,NQEX,12545
SXTP,20250717 08:01:17.987000,2479664,21,42245,1.8,PACF,12545
SXTP,20250717 08:01:17.988000,2479666,32,42280,1.82,NQEX,12545
SXTP,20250717 08:01:17.988000,2479665,3,42248,1.81,PACF,12545
SXTP,20250717 08:01:17.996000,2479670,297,42577,1.82,MEMX,12545
SXTP,20250717 08:01:19.035000,2479955,500,43077,1.83,NQNX,12545
SXTP,20250717 08:01:20.374000,2480368,5000,48077,1.82,NQNX,12545
SXTP,20250717 08:01:20.375000,2480369,525,48602,1.82,MEMX,12545
SXTP,20250717 08:01:21.172000,2480660,200,49102,1.83,NQEX,12545
SXTP,20250717 08:01:21.172000,2480659,300,48902,1.83,NQEX,12545
SXTP,20250717 08:01:21.377000,2480713,300,49402,1.83,NQEX,12545
SXTP,20250717 08:01:21.377000,2480714,200,49602,1.83,NQEX,12545
SXTP,20250717 08:01:21.379000,2480715,108,49710,1.82,MEMX,12545
SXTP,20250717 08:01:21.393000,2480717,500,50210,1.83,NQNX,12545
SXTP,20250717 08:01:21.806000,2480825,5,50215,1.83,EDGX,12545
SXTP,20250717 08:01:21.806000,2480826,24,50239,1.83,PACF,12545
SXTP,20250717 08:01:21.806000,2480827,271,50510,1.83,PACF,12545
SXTP,20250717 08:01:21.962000,2480875,1139,51649,1.83,NQNX,12545
SXTP,20250717 08:01:21.962000,2480876,600,52249,1.83,NQNX,12545
SXTP,20250717 08:01:21.962000,2480877,20,52269,1.83,EDGX,12545
SXTP,20250717 08:01:21.963000,2480879,216,52485,1.82,NQNX,12545
SXTP,20250717 08:01:22.591000,2481101,28,52513,1.82,NQNX,12545
SXTP,20250717 08:01:22.645000,2481117,214,52727,1.83,NQNX,12545
SXTP,20250717 08:01:22.713000,2481147,226,52953,1.83,NQEX,12545
SXTP,20250717 08:01:22.713000,2481148,274,53227,1.83,PACF,12545
SXTP,20250717 08:01:23.033000,2481322,1,56229,1.83,EDGX,12545
SXTP,20250717 08:01:23.033000,2481320,3000,56227,1.83,NQNX,12545
SXTP,20250717 08:01:23.033000,2481323,20,56249,1.83,EDGX,12545
SXTP,20250717 08:01:23.033000,2481321,1,56228,1.83,EDGX,12545
SXTP,20250717 08:01:23.034000,2481330,216,56485,1.82,NQNX,12545
SXTP,20250717 08:01:23.034000,2481325,20,56269,1.83,PACF,12545
SXTP,20250717 08:01:23.515000,2481476,100,56585,1.83,NQEX,12545
SXTP,20250717 08:01:24.896000,2481868,600,57285,1.83,NQEX,12545
SXTP,20250717 08:01:24.896000,2481867,100,56685,1.83,MEMX,12545
SXTP,20250717 08:01:24.897000,2481871,74,57359,1.83,NQEX,12545
SXTP,20250717 08:01:25.834000,2482156,1,57360,1.84,PACF,12545
SXTP,20250717 08:01:25.834000,2482157,4,57364,1.84,NQNX,12545
SXTP,20250717 08:01:26.574000,2482375,5,57369,1.85,NQNX,12545
SXTP,20250717 08:01:28.723000,2482990,3523,60892,1.85,NQNX,12545
SXTP,20250717 08:01:28.724000,2482991,200,61092,1.85,NQNX,12545
SXTP,20250717 08:01:28.725000,2482992,300,61392,1.83,NQNX,12545
SXTP,20250717 08:01:29.126000,2483115,277,61669,1.85,NQNX,12545
SXTP,20250717 08:01:29.126000,2483116,2323,63992,1.85,NQNX,12545
SXTP,20250717 08:01:29.127000,2483117,1123,65115,1.85,NQNX,12545
SXTP,20250717 08:01:29.128000,2483119,108,65523,1.83,NQNX,12545
SXTP,20250717 08:01:29.128000,2483118,300,65415,1.83,NQNX,12545
SXTP,20250717 08:01:29.273000,2483145,20,65543,1.83,NQNX,12545
SXTP,20250717 08:01:30.040000,2483362,50,65593,1.84,NQNX,12545
SXTP,20250717 08:01:30.187000,2483547,95,65688,1.84,PACF,12545
SXTP,20250717 08:01:30.187000,2483548,20,65708,1.84,PACF,12545
SXTP,20250717 08:01:30.187000,2483552,115,67908,1.85,PACF,12545
SXTP,20250717 08:01:30.187000,2483551,200,67793,1.85,MEMX,12545
SXTP,20250717 08:01:30.187000,2483550,885,67593,1.85,PACF,12545
SXTP,20250717 08:01:30.187000,2483549,1000,66708,1.85,PACF,12545
SXTP,20250717 08:01:30.188000,2483554,20,67932,1.86,EDGX,12545
SXTP,20250717 08:01:30.188000,2483555,165,68097,1.86,EDGX,12545
SXTP,20250717 08:01:30.188000,2483556,1219,69316,1.87,EDGX,12545
SXTP,20250717 08:01:30.188000,2483553,4,67912,1.86,PACF,12545
SXTP,20250717 08:01:30.189000,2483558,781,70097,1.87,NQNX,12545
SXTP,20250717 08:01:30.490000,2483632,3684,73781,1.87,NTRF,12545
SXTP,20250717 08:01:30.491000,2483633,300,74081,1.84,NQNX,12545
SXTP,20250717 08:01:30.491000,2483634,216,74297,1.84,NQNX,12545
SXTP,20250717 08:01:30.673000,2483751,500,74797,1.85,NQNX,12545
SXTP,20250717 08:01:30.940000,2483780,1243,76040,1.87,NTRF,12545
SXTP,20250717 08:01:30.941000,2483781,108,76148,1.84,NQNX,12545
SXTP,20250717 08:01:31.269000,2483886,57,76205,1.86,PACF,12545
SXTP,20250717 08:01:31.269000,2483887,1,76206,1.87,PACF,12545
SXTP,20250717 08:01:31.269000,2483888,243,76449,1.87,PACF,12545
SXTP,20250717 08:01:31.431000,2483906,10,77019,1.88,PACF,12545
SXTP,20250717 08:01:31.431000,2483907,3078,80097,1.88,PACF,12545
SXTP,20250717 08:01:31.431000,2483905,200,77009,1.88,PACF,12545
SXTP,20250717 08:01:31.431000,2483903,257,76706,1.87,PACF,12545
SXTP,20250717 08:01:31.431000,2483904,103,76809,1.87,PACF,12545
SXTP,20250717 08:01:31.432000,2483910,108,80541,1.85,NQNX,12545
SXTP,20250717 08:01:31.432000,2483909,300,80433,1.85,NQNX,12545
SXTP,20250717 08:01:31.432000,2483908,36,80133,1.88,NQNX,12545
SXTP,20250717 08:01:31.839000,2484057,36,80577,1.88,MEMX,12545
SXTP,20250717 08:01:31.840000,2484061,101,81624,1.88,EDGX,12545
SXTP,20250717 08:01:31.840000,2484063,29,81673,1.89,EDGX,12545
SXTP,20250717 08:01:31.840000,2484062,20,81644,1.89,EDGX,12545
SXTP,20250717 08:01:31.840000,2484060,24,81523,1.88,PACF,12545
SXTP,20250717 08:01:31.840000,2484059,898,81499,1.88,PACF,12545
SXTP,20250717 08:01:31.840000,2484058,24,80601,1.87,PACF,12545
SXTP,20250717 08:01:31.841000,2484065,4,81712,1.89,PACF,12545
SXTP,20250717 08:01:31.841000,2484064,35,81708,1.89,PACF,12545
SXTP,20250717 08:01:31.841000,2484068,105,82018,1.9,EDGX,12545
SXTP,20250717 08:01:31.841000,2484067,100,81913,1.9,EDGX,12545
SXTP,20250717 08:01:31.841000,2484066,101,81813,1.89,EDGX,12545
SXTP,20250717 08:01:31.843000,2484069,20,82038,1.9,EDGE,12545
SXTP,20250717 08:01:32.048000,2484144,31,82069,1.9,PACF,12545
SXTP,20250717 08:01:32.048000,2484146,93,82163,1.91,PACF,12545
SXTP,20250717 08:01:32.048000,2484145,1,82070,1.91,PACF,12545
SXTP,20250717 08:01:32.098000,2484161,108,82271,1.9,PACF,12545
SXTP,20250717 08:01:32.098000,2484162,598,82869,1.9,PACF,12545
SXTP,20250717 08:01:32.099000,2484163,108,82977,1.9,PACF,12545
SXTP,20250717 08:01:32.317000,2484189,125,83102,1.91,PACF,12545
SXTP,20250717 08:01:32.483000,2484302,1833,85002,1.91,PACF,12545
SXTP,20250717 08:01:32.483000,2484301,67,83169,1.9,PACF,12545
SXTP,20250717 08:01:32.484000,2484304,108,85110,1.9,PACF,12545
SXTP,20250717 08:01:32.485000,2484305,949,86059,1.91,PACF,12545
SXTP,20250717 08:01:32.485000,2484306,1000,87059,1.92,EDGX,12545
SXTP,20250717 08:01:32.486000,2484308,88,87167,1.9,PACF,12545
SXTP,20250717 08:01:32.486000,2484311,84,87344,1.91,PACF,12545
SXTP,20250717 08:01:32.486000,2484312,4,87348,1.92,PACF,12545
SXTP,20250717 08:01:32.486000,2484307,20,87079,1.91,PACF,12545
SXTP,20250717 08:01:32.486000,2484310,90,87260,1.93,EDGX,12545
SXTP,20250717 08:01:32.486000,2484309,3,87170,1.92,PACF,12545
SXTP,20250717 08:01:32.487000,2484315,74,87592,1.92,PACF,12545
SXTP,20250717 08:01:32.487000,2484317,4,87670,1.93,PACF,12545
SXTP,20250717 08:01:32.487000,2484313,96,87444,1.92,PACF,12545
SXTP,20250717 08:01:32.487000,2484314,74,87518,1.92,PACF,12545
SXTP,20250717 08:01:32.487000,2484316,74,87666,1.92,NYSE,12545
SXTP,20250717 08:01:32.488000,2484320,32,88979,1.92,EDGE,12545
SXTP,20250717 08:01:32.488000,2484319,37,88947,1.92,NYSE,12545
SXTP,20250717 08:01:32.488000,2484318,1240,88910,1.94,MEMX,12545
SXTP,20250717 08:01:32.585000,2484422,5000,93979,1.94,NQNX,12545
SXTP,20250717 08:01:32.627000,2484427,50,94029,1.93,PACF,12545
SXTP,20250717 08:01:32.798000,2484455,84,94206,1.92,PACF,12545
SXTP,20250717 08:01:32.798000,2484454,93,94122,1.92,PACF,12545
SXTP,20250717 08:01:32.803000,2484458,74,94280,1.93,PACF,12545
SXTP,20250717 08:01:32.803000,2484459,51,94331,1.93,PACF,12545
SXTP,20250717 08:01:32.840000,2484464,3553,97884,1.93,NTRF,12545
SXTP,20250717 08:01:33.097000,2484522,648,98532,1.92,MIAX,12545
SXTP,20250717 08:01:33.098000,2484523,108,98640,1.92,MIAX,12545
SXTP,20250717 08:01:33.130000,2484531,4,98765,1.93,PACF,12545
SXTP,20250717 08:01:33.130000,2484530,23,98761,1.93,PACF,12545
SXTP,20250717 08:01:33.130000,2484529,98,98738,1.92,PACF,12545
SXTP,20250717 08:01:33.284000,2484581,4,98865,1.93,PACF,12545
SXTP,20250717 08:01:33.284000,2484580,96,98861,1.93,PACF,12545
SXTP,20250717 08:01:33.352000,2484594,25,98890,1.93,NQEX,12545
SXTP,20250717 08:01:33.357000,2484596,114,99004,1.93,PACF,12545
SXTP,20250717 08:01:33.357000,2484597,11,99015,1.93,PACF,12545
SXTP,20250717 08:01:34.033000,2484908,20,99035,1.93,MEMX,12545
SXTP,20250717 08:01:34.033000,2484917,100,100995,1.94,MEMX,12545
SXTP,20250717 08:01:34.033000,2484916,12,100895,1.94,PACF,12545
SXTP,20250717 08:01:34.033000,2484914,9,100804,1.93,PACF,12545
SXTP,20250717 08:01:34.033000,2484913,20,100795,1.94,NQNX,12545
SXTP,20250717 08:01:34.033000,2484909,760,99795,1.94,MEMX,12545
SXTP,20250717 08:01:34.033000,2484912,404,100775,1.94,NQEX,12545
SXTP,20250717 08:01:34.033000,2484911,96,100371,1.93,NQEX,12545
SXTP,20250717 08:01:34.033000,2484910,480,100275,1.94,MEMX,12545
SXTP,20250717 08:01:34.033000,2484915,79,100883,1.93,PACF,12545
SXTP,20250717 08:01:34.034000,2484919,96,101091,1.94,NQEX,12545
SXTP,20250717 08:01:34.035000,2484920,88,101179,1.94,PACF,12545
SXTP,20250717 08:01:34.035000,2484921,1,101180,1.95,PACF,12545
SXTP,20250717 08:01:34.035000,2484924,32,101316,1.96,EDGX,12545
SXTP,20250717 08:01:34.035000,2484923,100,101284,1.96,MEMX,12545
SXTP,20250717 08:01:34.035000,2484922,4,101184,1.95,PACF,12545
SXTP,20250717 08:01:34.036000,2484926,31,102619,1.95,EDGE,12545
SXTP,20250717 08:01:34.036000,2484925,1272,102588,1.96,PACF,12545
SXTP,20250717 08:01:34.626000,2485172,162,102781,1.94,MEMX,12545
SXTP,20250717 08:01:35.058000,2485288,2717,105498,1.96,NQNX,12545
SXTP,20250717 08:01:35.059000,2485289,600,106098,1.96,NQNX,12545
SXTP,20250717 08:01:35.059000,2485291,300,106398,1.93,NQNX,12545
SXTP,20250717 08:01:35.060000,2485293,108,106706,1.93,NQNX,12545
SXTP,20250717 08:01:35.060000,2485292,200,106598,1.96,NQNX,12545
SXTP,20250717 08:01:35.165000,2485316,100,106806,1.94,NQEX,12545
SXTP,20250717 08:01:35.488000,2485418,140,107477,1.95,PACF,12545
SXTP,20250717 08:01:35.488000,2485419,2846,110323,1.96,PACF,12545
SXTP,20250717 08:01:35.488000,2485416,136,107211,1.95,NQEX,12545
SXTP,20250717 08:01:35.488000,2485415,238,107075,1.94,NQEX,12545
SXTP,20250717 08:01:35.488000,2485414,31,106837,1.95,EDGX,12545
SXTP,20250717 08:01:35.488000,2485417,126,107337,1.96,NQEX,12545
SXTP,20250717 08:01:35.489000,2485420,300,110623,1.93,NQNX,12545
SXTP,20250717 08:01:35.500000,2485421,26,110649,1.93,NQNX,12545
SXTP,20250717 08:01:35.586000,2485491,51,110700,1.93,PACF,12545
SXTP,20250717 08:01:35.647000,2485515,1,110853,1.93,PACF,12545
SXTP,20250717 08:01:35.647000,2485513,27,110842,1.93,PACF,12545
SXTP,20250717 08:01:35.647000,2485512,92,110815,1.93,PACF,12545
SXTP,20250717 08:01:35.647000,2485511,23,110723,1.93,PACF,12545
SXTP,20250717 08:01:35.647000,2485514,10,110852,1.93,PACF,12545
SXTP,20250717 08:01:35.736000,2485521,25,110878,1.93,PACF,12545
SXTP,20250717 08:01:35.736000,2485523,10,110897,1.93,PACF,12545
SXTP,20250717 08:01:35.736000,2485524,92,110989,1.93,PACF,12545
SXTP,20250717 08:01:35.736000,2485522,9,110887,1.93,PACF,12545
SXTP,20250717 08:01:35.737000,2485526,1062,112051,1.93,NQNX,12545
SXTP,20250717 08:01:35.743000,2485533,26,112188,1.93,NQNX,12545
SXTP,20250717 08:01:35.743000,2485532,92,112162,1.93,PACF,12545
SXTP,20250717 08:01:35.743000,2485531,9,112070,1.93,PACF,12545
SXTP,20250717 08:01:35.743000,2485530,10,112061,1.93,PACF,12545
SXTP,20250717 08:01:35.769000,2485539,100,112288,1.92,NQNX,12545
SXTP,20250717 08:01:35.797000,2485542,108,112396,1.92,NQNX,12545
SXTP,20250717 08:01:35.994000,2485568,1,112397,1.93,MEMX,12545
SXTP,20250717 08:01:36.167000,2485640,26,112423,1.92,NQNX,12545
SXTP,20250717 08:01:36.466000,2485752,100,112523,1.92,PACF,12545
SXTP,20250717 08:01:37.021000,2485933,20,112543,1.92,NQNX,12545
SXTP,20250717 08:01:37.210000,2485989,591,113134,1.9,PACF,12545
SXTP,20250717 08:01:37.212000,2485990,108,113242,1.9,PACF,12545
SXTP,20250717 08:01:37.258000,2485998,625,113867,1.9,NQNX,12545
SXTP,20250717 08:01:37.273000,2486001,324,117191,1.9,PACF,12545
SXTP,20250717 08:01:37.273000,2486000,3000,116867,1.95,NQNX,12545
SXTP,20250717 08:01:37.274000,2486002,174,117365,1.9,NQNX,12545
SXTP,20250717 08:01:38.193000,2486541,141,117512,1.91,PACF,12545
SXTP,20250717 08:01:38.193000,2486542,853,118365,1.92,PACF,12545
SXTP,20250717 08:01:38.193000,2486540,6,117371,1.92,MEMX,12545
SXTP,20250717 08:01:38.195000,2486543,108,118473,1.84,NQNX,12545
SXTP,20250717 08:01:38.229000,2486554,70,118543,1.91,NQNX,12545
SXTP,20250717 08:01:38.628000,2486688,5,118548,1.83,NQNX,12545
SXTP,20250717 08:01:39.211000,2486789,25,118573,1.87,PACF,12545
SXTP,20250717 08:01:39.990000,2486989,26,118599,1.83,NQNX,12545
SXTP,20250717 08:01:40.501000,2487102,26,118625,1.86,NQNX,12545
SXTP,20250717 08:01:40.896000,2487234,300,119125,1.92,NQEX,12545
SXTP,20250717 08:01:40.896000,2487233,200,118825,1.91,NQEX,12545
SXTP,20250717 08:01:40.937000,2487240,500,119625,1.89,NQNX,12545
SXTP,20250717 08:01:40.938000,2487241,108,119733,1.86,NQNX,12545
SXTP,20250717 08:01:40.939000,2487242,26,119759,1.86,BOST,12545
SXTP,20250717 08:01:41.860000,2487453,141,119900,1.92,NQNX,12545
SXTP,20250717 08:01:41.906000,2487461,20,119920,1.88,PACF,12545
SXTP,20250717 08:01:41.985000,2487469,120,120045,1.89,PACF,12545
SXTP,20250717 08:01:41.985000,2487468,5,119925,1.88,PACF,12545
SXTP,20250717 08:01:42.236000,2487491,249,121230,1.92,MEMX,12545
SXTP,20250717 08:01:42.236000,2487490,936,120981,1.89,PACF,12545
SXTP,20250717 08:01:42.237000,2487492,108,121338,1.92,NQNX,12545
SXTP,20250717 08:01:42.238000,2487493,600,121938,1.92,MEMX,12545
SXTP,20250717 08:01:42.314000,2487501,100,122038,1.93,BOST,12545
SXTP,20250717 08:01:42.370000,2487521,60,122098,1.92,NQNX,12545
SXTP,20250717 08:01:42.371000,2487522,60,122158,1.92,NQNX,12545
SXTP,20250717 08:01:42.372000,2487523,108,122266,1.92,NQNX,12545
SXTP,20250717 08:01:42.376000,2487525,300,123346,1.94,NQNX,12545
SXTP,20250717 08:01:42.376000,2487524,780,123046,1.94,NQNX,12545
SXTP,20250717 08:01:42.377000,2487527,108,125654,1.92,NQNX,12545
SXTP,20250717 08:01:42.377000,2487526,2200,125546,1.94,NQNX,12545
SXTP,20250717 08:01:42.378000,2487528,108,125762,1.92,NQNX,12545
SXTP,20250717 08:01:42.536000,2487545,358,126120,1.92,MEMX,12545
SXTP,20250717 08:01:42.537000,2487546,108,126228,1.92,NQNX,12545
SXTP,20250717 08:01:42.538000,2487547,1,126229,1.92,MEMX,12545
SXTP,20250717 08:01:42.702000,2487646,200,126638,1.93,NQEX,12545
SXTP,20250717 08:01:42.702000,2487647,91,126729,1.94,NQEX,12545
SXTP,20250717 08:01:42.702000,2487645,128,126438,1.93,NQEX,12545
SXTP,20250717 08:01:42.702000,2487644,81,126310,1.93,EDGX,12545
SXTP,20250717 08:01:42.747000,2487655,1501,128230,1.92,MEMX,12545
SXTP,20250717 08:01:42.798000,2487666,108,128338,1.88,NQNX,12545
SXTP,20250717 08:01:42.835000,2487685,125,128463,1.91,NQEX,12545
SXTP,20250717 08:01:43.221000,2487748,2374,130837,1.91,NQEX,12545
SXTP,20250717 08:01:43.297000,2487756,216,131053,1.91,NQNX,12545
SXTP,20250717 08:01:43.558000,2487818,25,131078,1.92,NQEX,12545
SXTP,20250717 08:01:43.560000,2487819,100,131178,1.92,PACF,12545
SXTP,20250717 08:01:43.774000,2487888,80,131258,1.93,PACF,12545
SXTP,20250717 08:01:43.925000,2487925,20,131278,1.92,BATS,12545
SXTP,20250717 08:01:43.936000,2487928,26,131304,1.91,MEMX,12545
SXTP,20250717 08:01:43.937000,2487929,100,131404,1.91,NQNX,12545
SXTP,20250717 08:01:43.958000,2487933,25,132726,1.9,PACF,12545
SXTP,20250717 08:01:43.958000,2487932,100,132701,1.9,PACF,12545
SXTP,20250717 08:01:43.958000,2487931,42,132601,1.91,PACF,12545
SXTP,20250717 08:01:43.958000,2487930,1155,132559,1.9,NQNX,12545
SXTP,20250717 08:01:43.959000,2487934,100,132826,1.9,NQEX,12545
SXTP,20250717 08:01:43.959000,2487935,76,132902,1.9,NQEX,12545
SXTP,20250717 08:01:43.985000,2487940,100,133002,1.9,NQEX,12545
SXTP,20250717 08:01:43.992000,2487944,67,133127,1.9,NQEX,12545
SXTP,20250717 08:01:43.992000,2487943,20,133060,1.9,PACF,12545
SXTP,20250717 08:01:43.992000,2487942,38,133040,1.9,PACF,12545
SXTP,20250717 08:01:43.993000,2487945,100,133227,1.89,PACF,12545
SXTP,20250717 08:01:43.993000,2487946,25,133252,1.89,PACF,12545
SXTP,20250717 08:01:43.994000,2487947,25,133277,1.89,NQEX,12545
SXTP,20250717 08:01:44.298000,2488041,22,133343,1.88,PACF,12545
SXTP,20250717 08:01:44.298000,2488040,22,133321,1.88,EDGX,12545
SXTP,20250717 08:01:44.298000,2488039,22,133299,1.88,EDGX,12545
SXTP,20250717 08:01:44.324000,2488048,5,133348,1.88,PACF,12545
SXTP,20250717 08:01:44.331000,2488049,75,133423,1.89,BOST,12545
SXTP,20250717 08:01:44.437000,2488101,6,133473,1.89,PACF,12545
SXTP,20250717 08:01:44.437000,2488100,44,133467,1.89,EDGX,12545
SXTP,20250717 08:01:44.503000,2488114,1726,135199,1.9,NQNX,12545
SXTP,20250717 08:01:44.504000,2488116,600,135899,1.9,NQNX,12545
SXTP,20250717 08:01:44.504000,2488115,100,135299,1.9,NQNX,12545
SXTP,20250717 08:01:44.505000,2488118,1200,137099,1.9,NQNX,12545
SXTP,20250717 08:01:44.540000,2488121,150,137249,1.9,NQNX,12545
SXTP,20250717 08:01:44.598000,2488135,58,137307,1.88,PACF,12545
SXTP,20250717 08:01:44.897000,2488210,300,137607,1.87,NQNX,12545
SXTP,20250717 08:01:44.898000,2488213,108,138215,1.87,NQNX,12545
SXTP,20250717 08:01:44.898000,2488212,490,138107,1.87,MEMX,12545
SXTP,20250717 08:01:44.898000,2488211,10,137617,1.87,MEMX,12545
SXTP,20250717 08:01:44.899000,2488214,20,138235,1.87,NQNX,12545
SXTP,20250717 08:01:45.268000,2488394,301,138536,1.87,PACF,12545
SXTP,20250717 08:01:45.381000,2488426,10,138546,1.89,EDGX,12545
SXTP,20250717 08:01:45.433000,2488451,10,138556,1.88,EDGX,12545
SXTP,20250717 08:01:45.934000,2488630,625,139181,1.87,NQNX,12545
SXTP,20250717 08:01:46.002000,2488715,34,139459,1.88,NQEX,12545
SXTP,20250717 08:01:46.002000,2488713,100,139281,1.89,MEMX,12545
SXTP,20250717 08:01:46.002000,2488716,222,139681,1.89,NQEX,12545
SXTP,20250717 08:01:46.002000,2488714,144,139425,1.88,NQEX,12545
SXTP,20250717 08:01:46.542000,2488782,31,139712,1.87,PACF,12545
SXTP,20250717 08:01:46.542000,2488783,3,139715,1.88,PACF,12545
SXTP,20250717 08:01:46.926000,2488879,897,140612,1.88,PACF,12545
SXTP,20250717 08:01:46.926000,2488880,1000,141612,1.88,PACF,12545
SXTP,20250717 08:01:46.928000,2488881,103,141715,1.88,PACF,12545
SXTP,20250717 08:01:47.111000,2488929,234,141949,1.89,NQNX,12545
SXTP,20250717 08:01:47.351000,2489058,100,142049,1.87,PACF,12545
SXTP,20250717 08:01:47.352000,2489059,108,142157,1.87,NQNX,12545
SXTP,20250717 08:01:47.758000,2489307,157,142913,1.87,PACF,12545
SXTP,20250717 08:01:47.758000,2489306,599,142756,1.87,PACF,12545
SXTP,20250717 08:01:47.763000,2489308,5,142918,1.87,NQNX,12545
SXTP,20250717 08:01:48.358000,2489432,1243,144161,1.87,NQNX,12545
SXTP,20250717 08:01:48.359000,2489433,100,144261,1.87,EDGX,12545
SXTP,20250717 08:01:48.359000,2489434,8,144269,1.87,MEMX,12545
SXTP,20250717 08:01:48.360000,2489435,3,144272,1.87,PACF,12545
SXTP,20250717 08:01:48.360000,2489436,40,144312,1.87,PACF,12545
SXTP,20250717 08:01:48.391000,2489439,10,144322,1.87,NQNX,12545
SXTP,20250717 08:01:48.598000,2489555,53,144413,1.87,EDGE,12545
SXTP,20250717 08:01:48.598000,2489554,38,144360,1.87,MEMX,12545
SXTP,20250717 08:01:48.669000,2489601,2,144415,1.87,BATS,12545
SXTP,20250717 08:01:48.887000,2489621,54,144469,1.85,NQNX,12545
SXTP,20250717 08:01:48.920000,2489626,500,144969,1.85,NQNX,12545
SXTP,20250717 08:01:49.097000,2489641,100,145069,1.85,PACF,12545
SXTP,20250717 08:01:49.100000,2489643,100,145169,1.84,PACF,12545
SXTP,20250717 08:01:49.101000,2489647,100,145770,1.83,BOST,12545
SXTP,20250717 08:01:49.101000,2489645,107,145277,1.83,EDGX,12545
SXTP,20250717 08:01:49.101000,2489644,1,145170,1.83,EDGX,12545
SXTP,20250717 08:01:49.101000,2489646,393,145670,1.83,EDGX,12545
SXTP,20250717 08:01:49.102000,2489648,1,145771,1.83,PACF,12545
SXTP,20250717 08:01:49.103000,2489650,19,145990,1.83,PACF,12545
SXTP,20250717 08:01:49.103000,2489649,200,145971,1.83,MEMX,12545
SXTP,20250717 08:01:49.106000,2489651,20,146010,1.77,EDGX,12545
SXTP,20250717 08:01:49.108000,2489652,81,146091,1.76,BOST,12545
SXTP,20250717 08:01:49.758000,2489796,75,146166,1.76,BOST,12545
SXTP,20250717 08:01:49.776000,2489816,500,146666,1.85,NQNX,12545
SXTP,20250717 08:01:49.778000,2489819,500,147274,1.86,NQNX,12545
SXTP,20250717 08:01:49.778000,2489818,108,146774,1.76,NQNX,12545
SXTP,20250717 08:01:49.970000,2489845,500,147774,1.76,NQNX,12545
SXTP,20250717 08:01:50.107000,2489863,5,147779,1.76,NQNX,12545
SXTP,20250717 08:01:50.135000,2489871,2,147781,1.82,NQNX,12545
SXTP,20250717 08:01:50.271000,2489894,50,147831,1.79,PACF,12545
SXTP,20250717 08:01:50.272000,2489895,108,147939,1.79,NQNX,12545
SXTP,20250717 08:01:50.397000,2489918,56,147995,1.83,NQNX,12545
SXTP,20250717 08:01:50.531000,2489936,25,148020,1.79,BOST,12545
SXTP,20250717 08:01:50.769000,2489979,5,148025,1.83,NQNX,12545
SXTP,20250717 08:01:51.139000,2490026,25,148050,1.82,PACF,12545
SXTP,20250717 08:01:51.187000,2490040,66,148116,1.82,PACF,12545
SXTP,20250717 08:01:51.187000,2490041,34,148150,1.82,PACF,12545
SXTP,20250717 08:01:51.364000,2490058,49,148199,1.83,NQNX,12545
SXTP,20250717 08:01:51.943000,2490193,1,148200,1.79,BOST,12545
SXTP,20250717 08:01:52.654000,2490741,250,148450,1.79,NQNX,12545
SXTP,20250717 08:01:52.850000,2491066,250,148700,1.79,NQNX,12545
SXTP,20250717 08:01:53.086000,2491459,900,149600,1.81,PACF,12545
SXTP,20250717 08:01:53.086000,2491460,100,149700,1.81,PACF,12545
SXTP,20250717 08:01:53.153000,2491486,108,149808,1.81,NQNX,12545
SXTP,20250717 08:01:53.932000,2492083,20,149828,1.81,PACF,12545
SXTP,20250717 08:01:54.349000,2492156,10,150075,1.79,EDGX,12545
SXTP,20250717 08:01:54.349000,2492154,44,149972,1.79,NQEX,12545
SXTP,20250717 08:01:54.349000,2492153,100,149928,1.79,NQEX,12545
SXTP,20250717 08:01:54.349000,2492157,100,150175,1.79,PACF,12545
SXTP,20250717 08:01:54.349000,2492155,93,150065,1.8,BATS,12545
SXTP,20250717 08:01:54.569000,2492241,1000,151175,1.8,NQNX,12545
SXTP,20250717 08:01:54.571000,2492242,108,151283,1.73,NQNX,12545
SXTP,20250717 08:01:55.857000,2492643,20,151303,1.74,EDGX,12545
SXTP,20250717 08:01:55.858000,2492644,20,151323,1.74,PACF,12545
SXTP,20250717 08:01:55.861000,2492647,14,151337,1.73,NQNX,12545
SXTP,20250717 08:01:55.862000,2492648,14,151351,1.73,NQNX,12545
SXTP,20250717 08:01:56.245000,2492691,1,151352,1.78,NQNX,12545
SXTP,20250717 08:01:56.675000,2492815,10,151362,1.77,NQNX,12545
SXTP,20250717 08:01:57.310000,2492966,4,151366,1.78,MEMX,12545
SXTP,20250717 08:01:58.690000,2493428,1,151367,1.78,MEMX,12545
SXTP,20250717 08:01:59.655000,2493686,1385,152752,1.78,MEMX,12545
SXTP,20250717 08:01:59.655000,2493687,100,152852,1.78,MEMX,12545
SXTP,20250717 08:01:59.655000,2493688,55,152907,1.78,EDGE,12545
SXTP,20250717 08:01:59.657000,2493690,20,152927,1.81,MEMX,12545
SXTP,20250717 08:01:59.657000,2493691,80,153007,1.82,MEMX,12545
SXTP,20250717 08:01:59.658000,2493696,85,153410,1.82,PACF,12545
SXTP,20250717 08:01:59.658000,2493695,40,153325,1.81,PACF,12545
SXTP,20250717 08:01:59.658000,2493694,20,153285,1.81,PACF,12545
SXTP,20250717 08:01:59.658000,2493693,158,153265,1.81,PACF,12545
SXTP,20250717 08:01:59.658000,2493692,100,153107,1.81,BOST,12545
SXTP,20250717 08:01:59.661000,2493697,1000,154410,1.83,PACF,12545
SXTP,20250717 08:01:59.663000,2493698,100,154510,1.85,PACF,12545
SXTP,20250717 08:01:59.665000,2493699,500,155010,1.86,MIAX,12545
SXTP,20250717 08:01:59.666000,2493700,31,155041,1.85,EDGX,12545
SXTP,20250717 08:01:59.666000,2493701,381,155422,1.86,EDGX,12545
SXTP,20250717 08:01:59.709000,2493723,108,155530,1.83,NQNX,12545
SXTP,20250717 08:01:59.803000,2493729,50,155580,1.85,BOST,12545
SXTP,20250717 08:02:00.060000,2494053,94,155674,1.82,PACF,12545
SXTP,20250717 08:02:00.065000,2494176,6,155680,1.79,PACF,12545
SXTP,20250717 08:02:00.066000,2494203,6,155686,1.79,NQNX,12545
SXTP,20250717 08:02:00.167000,2495331,100,155786,1.95,NQNX,12609
SXTP,20250717 08:02:00.168000,2495333,25,155811,1.83,NQNX,12609
SXTP,20250717 08:02:00.169000,2495337,25,155836,1.91,NQNX,12609
SXTP,20250717 08:02:00.169000,2495338,20,155856,1.91,NQNX,12609
SXTP,20250717 08:02:00.231000,2495346,20,155876,1.84,EDGX,12545
SXTP,20250717 08:02:00.231000,2495350,625,156686,1.86,EDGX,12545
SXTP,20250717 08:02:00.231000,2495348,22,155910,1.85,EDGX,12545
SXTP,20250717 08:02:00.231000,2495347,12,155888,1.85,EDGX,12545
SXTP,20250717 08:02:00.231000,2495349,151,156061,1.85,EDGX,12545
SXTP,20250717 08:02:00.232000,2495352,494,157334,1.86,EDGX,12545
SXTP,20250717 08:02:00.232000,2495351,154,156840,1.85,EDGX,12545
SXTP,20250717 08:02:00.232000,2495353,216,157550,1.82,NQNX,12545
SXTP,20250717 08:02:01.186000,2495559,216,157766,1.86,NQNX,12545
SXTP,20250717 08:02:01.488000,2495625,500,158266,1.86,NQNX,12545
SXTP,20250717 08:02:01.613000,2495637,5,158271,1.85,NQNX,12545
SXTP,20250717 08:02:01.929000,2495754,200,158471,1.8,PACF,12545
SXTP,20250717 08:02:01.929000,2495756,680,159171,1.78,PACF,12545
SXTP,20250717 08:02:01.929000,2495755,20,158491,1.79,PACF,12545
SXTP,20250717 08:02:01.930000,2495757,100,159271,1.78,PACF,12545
SXTP,20250717 08:02:01.931000,2495758,108,159379,1.78,PACF,12545
SXTP,20250717 08:02:02.465000,2495867,20,159456,1.76,BATS,12545
SXTP,20250717 08:02:02.465000,2495873,24,159587,1.75,EDGX,12545
SXTP,20250717 08:02:02.465000,2495875,94,159701,1.75,PACF,12545
SXTP,20250717 08:02:02.465000,2495872,24,159563,1.75,EDGX,12545
SXTP,20250717 08:02:02.465000,2495871,18,159539,1.75,EDGX,12545
SXTP,20250717 08:02:02.465000,2495870,37,159521,1.75,BATS,12545
SXTP,20250717 08:02:02.465000,2495869,18,159484,1.75,EDGX,12545
SXTP,20250717 08:02:02.465000,2495876,54,159755,1.75,PACF,12545
SXTP,20250717 08:02:02.465000,2495868,10,159466,1.75,EDGX,12545
SXTP,20250717 08:02:02.465000,2495866,57,159436,1.77,EDGX,12545
SXTP,20250717 08:02:02.465000,2495877,20,159775,1.75,BATS,12545
SXTP,20250717 08:02:02.465000,2495874,20,159607,1.76,PACF,12545
SXTP,20250717 08:02:02.466000,2495879,10,159785,1.74,EDGX,12545
SXTP,20250717 08:02:02.466000,2495880,100,159885,1.74,NQEX,12545
SXTP,20250717 08:02:02.466000,2495881,100,159985,1.74,PACF,12545
SXTP,20250717 08:02:02.519000,2495897,108,160093,1.73,NQNX,12545
SXTP,20250717 08:02:03.216000,2496174,26,160119,1.74,MEMX,12545
SXTP,20250717 08:02:03.238000,2496185,368,160487,1.74,MEMX,12545
SXTP,20250717 08:02:03.239000,2496186,200,160687,1.77,NQEX,12545
SXTP,20250717 08:02:03.240000,2496187,119,160806,1.77,PACF,12545
SXTP,20250717 08:02:03.240000,2496188,168,160974,1.77,IEX,12545
SXTP,20250717 08:02:03.241000,2496189,100,161074,1.77,BOST,12545
SXTP,20250717 08:02:03.242000,2496190,54,161128,1.78,PACF,12545
SXTP,20250717 08:02:03.242000,2496192,115,161253,1.78,PACF,12545
SXTP,20250717 08:02:03.242000,2496191,10,161138,1.78,PACF,12545
SXTP,20250717 08:02:03.244000,2496196,1946,163199,1.82,NQNX,12545
SXTP,20250717 08:02:03.246000,2496197,216,163415,1.76,NQNX,12545
SXTP,20250717 08:02:03.770000,2496309,1,163416,1.81,NQNX,12545
SXTP,20250717 08:02:04.687000,2496636,100,163516,1.78,BOST,12545
SXTP,20250717 08:02:04.693000,2496637,788,164304,1.78,PACF,12545
SXTP,20250717 08:02:04.693000,2496638,212,164516,1.78,PACF,12545
SXTP,20250717 08:02:04.744000,2496643,2000,166516,1.81,NQNX,12545
SXTP,20250717 08:02:04.745000,2496646,75,166733,1.74,PACF,12545
SXTP,20250717 08:02:04.745000,2496644,50,166566,1.8,NQEX,12545
SXTP,20250717 08:02:04.745000,2496647,157,166890,1.74,PACF,12545
SXTP,20250717 08:02:04.745000,2496645,92,166658,1.74,PACF,12545
SXTP,20250717 08:02:04.775000,2496650,21,166932,1.74,EDGX,12545
SXTP,20250717 08:02:04.775000,2496649,21,166911,1.74,EDGX,12545
SXTP,20250717 08:02:04.776000,2496651,15,166947,1.74,PACF,12545
SXTP,20250717 08:02:04.803000,2496652,1,166948,1.78,EDGX,12545
SXTP,20250717 08:02:04.803000,2496653,499,167447,1.78,EDGX,12545
SXTP,20250717 08:02:05.045000,2496710,80,167527,1.81,NQNX,12545
SXTP,20250717 08:02:05.740000,2497040,50,167577,1.8,NQNX,12545
SXTP,20250717 08:02:06.305000,2497204,500,168077,1.73,NQNX,12545
SXTP,20250717 08:02:06.307000,2497205,108,168185,1.73,NQNX,12545
SXTP,20250717 08:02:06.437000,2497231,1,168186,1.74,EDGX,12545
SXTP,20250717 08:02:06.481000,2497235,1,168187,1.74,EDGX,12545
SXTP,20250717 08:02:06.922000,2497335,38,168645,1.73,EDGX,12545
SXTP,20250717 08:02:06.922000,2497334,10,168607,1.73,EDGX,12545
SXTP,20250717 08:02:06.922000,2497333,10,168597,1.73,EDGX,12545
SXTP,20250717 08:02:06.922000,2497332,400,168587,1.74,EDGE,12545
SXTP,20250717 08:02:07.192000,2497396,100,168745,1.73,NTRF,12545
SXTP,20250717 08:02:07.221000,2497404,500,169245,1.73,NQNX,12545
SXTP,20250717 08:02:07.223000,2497405,108,169353,1.73,NQNX,12545
SXTP,20250717 08:02:07.330000,2497418,500,169853,1.73,NQNX,12545
SXTP,20250717 08:02:07.425000,2497445,100,169953,1.74,PACF,12545
SXTP,20250717 08:02:07.490000,2497504,500,170453,1.73,NQNX,12545
SXTP,20250717 08:02:07.666000,2497549,500,170953,1.73,NQNX,12545
SXTP,20250717 08:02:07.668000,2497550,108,171061,1.73,NQNX,12545
SXTP,20250717 08:02:07.731000,2497559,1400,172562,1.73,NQNX,12545
SXTP,20250717 08:02:07.731000,2497558,101,171162,1.73,NQNX,12545
SXTP,20250717 08:02:07.732000,2497560,108,172670,1.73,NQNX,12545
SXTP,20250717 08:02:07.763000,2497569,108,173155,1.73,NQNX,12545
SXTP,20250717 08:02:07.763000,2497568,377,173047,1.74,PACF,12545
SXTP,20250717 08:02:07.838000,2497580,500,173655,1.73,NQNX,12545
SXTP,20250717 08:02:07.902000,2497601,10,173665,1.73,NQNX,12545
SXTP,20250717 08:02:07.972000,2497621,262,173927,1.73,EDGX,12545
SXTP,20250717 08:02:07.972000,2497623,100,174127,1.73,EDGX,12545
SXTP,20250717 08:02:07.972000,2497622,100,174027,1.73,EDGX,12545
SXTP,20250717 08:02:07.974000,2497624,10,174137,1.73,PACF,12545
SXTP,20250717 08:02:07.974000,2497625,28,174165,1.73,PACF,12545
SXTP,20250717 08:02:08.257000,2497701,2000,176165,1.73,NQNX,12545
SXTP,20250717 08:02:08.259000,2497706,13,176404,1.73,NQNX,12545
SXTP,20250717 08:02:08.259000,2497702,29,176194,1.73,PACF,12545
SXTP,20250717 08:02:08.259000,2497703,100,176294,1.73,PACF,12545
SXTP,20250717 08:02:08.259000,2497704,87,176381,1.73,PACF,12545
SXTP,20250717 08:02:08.259000,2497705,10,176391,1.73,MEMX,12545
SXTP,20250717 08:02:08.710000,2497869,450,177404,1.72,MEMX,12545
SXTP,20250717 08:02:08.710000,2497870,550,177954,1.72,NQNX,12545
SXTP,20250717 08:02:08.710000,2497868,500,176954,1.72,PACF,12545
SXTP,20250717 08:02:08.710000,2497867,50,176454,1.73,PACF,12545
SXTP,20250717 08:02:08.797000,2497886,108,178062,1.7,NQNX,12545
SXTP,20250717 08:02:08.946000,2497914,1,178063,1.73,PACF,12545
SXTP,20250717 08:02:08.975000,2497922,10,178073,1.72,NQNX,12545
SXTP,20250717 08:02:09.688000,2498106,2500,180573,1.7,NQNX,12545
SXTP,20250717 08:02:09.690000,2498107,216,180789,1.7,EDGX,12545
SXTP,20250717 08:02:09.690000,2498109,108,180931,1.7,PACF,12545
SXTP,20250717 08:02:09.690000,2498108,34,180823,1.7,NQNX,12545
SXTP,20250717 08:02:09.829000,2498130,1000,181931,1.7,PACF,12545
SXTP,20250717 08:02:09.989000,2498194,500,182754,1.72,NQEX,12545
SXTP,20250717 08:02:09.989000,2498193,63,182254,1.72,EDGX,12545
SXTP,20250717 08:02:09.989000,2498192,63,182191,1.72,EDGX,12545
SXTP,20250717 08:02:09.989000,2498191,100,182128,1.72,BATS,12545
SXTP,20250717 08:02:09.989000,2498190,57,182028,1.72,EDGX,12545
SXTP,20250717 08:02:09.989000,2498189,40,181971,1.72,EDGX,12545
SXTP,20250717 08:02:09.990000,2498200,74,183360,1.73,PACF,12545
SXTP,20250717 08:02:09.990000,2498201,7,183367,1.73,PACF,12545
SXTP,20250717 08:02:09.990000,2498197,100,183054,1.72,BATS,12545
SXTP,20250717 08:02:09.990000,2498196,100,182954,1.72,BATS,12545
SXTP,20250717 08:02:09.990000,2498195,100,182854,1.72,BATS,12545
SXTP,20250717 08:02:09.990000,2498198,100,183154,1.72,BATS,12545
SXTP,20250717 08:02:09.990000,2498199,132,183286,1.72,PACF,12545
SXTP,20250717 08:02:09.991000,2498207,27,183560,1.71,EDGX,12545
SXTP,20250717 08:02:09.991000,2498206,27,183533,1.71,EDGX,12545
SXTP,20250717 08:02:09.991000,2498205,7,183506,1.73,PACF,12545
SXTP,20250717 08:02:09.991000,2498203,10,183492,1.73,PACF,12545
SXTP,20250717 08:02:09.991000,2498202,115,183482,1.73,PACF,12545
SXTP,20250717 08:02:09.991000,2498209,27,183614,1.71,EDGX,12545
SXTP,20250717 08:02:09.991000,2498210,7,183621,1.73,PACF,12545
SXTP,20250717 08:02:09.991000,2498211,28,183649,1.73,PACF,12545
SXTP,20250717 08:02:09.991000,2498212,81,183730,1.72,NYSE,12545
SXTP,20250717 08:02:09.991000,2498204,7,183499,1.73,PACF,12545
SXTP,20250717 08:02:09.991000,2498208,27,183587,1.71,EDGX,12545
SXTP,20250717 08:02:10.094000,2498226,50,183780,1.73,NQNX,12545
SXTP,20250717 08:02:10.149000,2498273,10,183790,1.73,EDGX,12545
SXTP,20250717 08:02:10.607000,2498586,380,184170,1.73,NQNX,12545
SXTP,20250717 08:02:10.758000,2498644,2,184172,1.73,PACF,12545
SXTP,20250717 08:02:10.758000,2498645,118,184290,1.73,NQNX,12545
SXTP,20250717 08:02:10.939000,2498680,56,184346,1.71,NQNX,12545
SXTP,20250717 08:02:11.585000,2498785,1,184347,1.74,MEMX,12545
SXTP,20250717 08:02:12.256000,2499064,5,184352,1.74,NQNX,12545
SXTP,20250717 08:02:12.406000,2499089,523,184975,1.74,PACF,12545
SXTP,20250717 08:02:12.406000,2499088,100,184452,1.74,MEMX,12545
SXTP,20250717 08:02:12.406000,2499090,753,185728,1.74,PACF,12545
SXTP,20250717 08:02:13.265000,2499306,100,185828,1.74,PACF,12545
SXTP,20250717 08:02:13.458000,2499372,10,185838,1.73,EDGX,12545
SXTP,20250717 08:02:13.995000,2499675,1,185839,1.74,NQNX,12545
SXTP,20250717 08:02:14.241000,2499734,100,185939,1.74,PACF,12545
SXTP,20250717 08:02:14.302000,2499777,2845,188784,1.72,NQNX,12545
SXTP,20250717 08:02:14.303000,2499779,10,188794,1.73,MEMX,12545
SXTP,20250717 08:02:14.598000,2499926,300,189094,1.72,PACF,12545
SXTP,20250717 08:02:15.748000,2500375,9,189103,1.73,NQNX,12545
SXTP,20250717 08:02:16.255000,2500562,1,189104,1.73,NQNX,12545
SXTP,20250717 08:02:16.559000,2500646,100,189854,1.73,PACF,12545
SXTP,20250717 08:02:16.559000,2500642,500,189604,1.73,NQEX,12545
SXTP,20250717 08:02:16.559000,2500643,100,189704,1.73,MEMX,12545
SXTP,20250717 08:02:16.559000,2500645,25,189754,1.73,EDGX,12545
SXTP,20250717 08:02:16.559000,2500644,25,189729,1.73,EDGX,12545
SXTP,20250717 08:02:16.560000,2500647,100,189954,1.72,NQNX,12545
SXTP,20250717 08:02:16.561000,2500649,25,190004,1.72,NQNX,12545
SXTP,20250717 08:02:16.561000,2500648,25,189979,1.72,NQNX,12545
SXTP,20250717 08:02:16.561000,2500650,500,190504,1.72,NQNX,12545
SXTP,20250717 08:02:16.562000,2500651,100,190604,1.72,NQNX,12545
SXTP,20250717 08:02:16.592000,2500671,50,190654,1.73,NQNX,12545
SXTP,20250717 08:02:17.415000,2500962,47,190701,1.74,PACF,12545
SXTP,20250717 08:02:17.415000,2500963,53,190754,1.75,PACF,12545
SXTP,20250717 08:02:17.417000,2500964,47,190801,1.76,NQNX,12545
SXTP,20250717 08:02:17.417000,2500965,53,190854,1.76,NQNX,12545
SXTP,20250717 08:02:17.441000,2500971,5,190859,1.75,NQNX,12545
SXTP,20250717 08:02:17.600000,2501046,1250,192109,1.73,EDGX,12545
SXTP,20250717 08:02:17.600000,2501047,24,192133,1.73,EDGX,12545
SXTP,20250717 08:02:17.600000,2501051,1,192358,1.73,PACF,12545
SXTP,20250717 08:02:17.600000,2501050,100,192357,1.73,PACF,12545
SXTP,20250717 08:02:17.600000,2501048,24,192157,1.73,EDGX,12545
SXTP,20250717 08:02:17.600000,2501049,100,192257,1.73,PACF,12545
SXTP,20250717 08:02:17.602000,2501052,107,192465,1.73,PACF,12545
SXTP,20250717 08:02:17.645000,2501061,28,192493,1.73,NQNX,12545
SXTP,20250717 08:02:17.852000,2501137,24,192566,1.72,NQEX,12545
SXTP,20250717 08:02:17.852000,2501135,25,192518,1.72,EDGX,12545
SXTP,20250717 08:02:17.852000,2501138,25,192591,1.72,PACF,12545
SXTP,20250717 08:02:17.852000,2501136,24,192542,1.72,EDGX,12545
SXTP,20250717 08:02:17.897000,2501158,10,192601,1.73,PACF,12545
SXTP,20250717 08:02:18.728000,2501425,3000,195601,1.72,NQNX,12545
SXTP,20250717 08:02:18.729000,2501426,324,195925,1.72,PACF,12545
SXTP,20250717 08:02:19.435000,2501682,23,195948,1.73,NQNX,12545
SXTP,20250717 08:02:20.470000,2501907,2000,197948,1.72,NQNX,12545
SXTP,20250717 08:02:20.702000,2502081,500,198448,1.72,NQNX,12545
SXTP,20250717 08:02:20.702000,2502082,500,198948,1.72,NQNX,12545
SXTP,20250717 08:02:20.704000,2502085,27,199268,1.72,NQEX,12545
SXTP,20250717 08:02:20.704000,2502086,811,200079,1.72,PACF,12545
SXTP,20250717 08:02:20.704000,2502084,53,199241,1.72,NQEX,12545
SXTP,20250717 08:02:20.704000,2502083,240,199188,1.72,PACF,12545
SXTP,20250717 08:02:20.808000,2502119,25,200104,1.71,NQEX,12545
SXTP,20250717 08:02:21.257000,2502235,200,200304,1.7,PACF,12545
SXTP,20250717 08:02:21.309000,2502240,200,200504,1.7,PACF,12545
SXTP,20250717 08:02:21.917000,2502353,10,200524,1.7,EDGX,12545
SXTP,20250717 08:02:21.917000,2502352,10,200514,1.71,EDGX,12545
SXTP,20250717 08:02:21.917000,2502354,380,200904,1.7,PACF,12545
SXTP,20250717 08:02:21.973000,2502361,1000,201904,1.7,PACF,12545
SXTP,20250717 08:02:22.708000,2502585,50,201954,1.72,NQNX,12545
SXTP,20250717 08:02:22.710000,2502586,112,202066,1.7,PACF,12545
SXTP,20250717 08:02:22.710000,2502587,48,202114,1.7,PACF,12545
SXTP,20250717 08:02:22.787000,2502613,5000,207114,1.7,NQNX,12545
SXTP,20250717 08:02:22.788000,2502616,12,207384,1.7,PACF,12545
SXTP,20250717 08:02:22.788000,2502618,11,207395,1.7,PACF,12545
SXTP,20250717 08:02:22.788000,2502614,202,207316,1.7,PACF,12545
SXTP,20250717 08:02:22.788000,2502615,56,207372,1.7,PACF,12545
SXTP,20250717 08:02:22.815000,2502634,10,207405,1.7,NQNX,12545
SXTP,20250717 08:02:22.987000,2502687,1000,208405,1.7,NTRF,12545
SXTP,20250717 08:02:23.126000,2502745,100,208505,1.71,NQNX,12545
SXTP,20250717 08:02:23.214000,2502760,2,208507,1.7,PACF,12545
SXTP,20250717 08:02:23.653000,2502818,10,208517,1.7,NQNX,12545
SXTP,20250717 08:02:23.946000,2503039,300,208817,1.72,NQNX,12545
SXTP,20250717 08:02:24.090000,2503080,869,209686,1.7,NQNX,12545
SXTP,20250717 08:02:24.243000,2503161,1,209687,1.72,NQNX,12545
SXTP,20250717 08:02:24.359000,2503169,100,209787,1.71,NQNX,12545
SXTP,20250717 08:02:24.594000,2503219,26,209813,1.7,NQNX,12545
SXTP,20250717 08:02:24.629000,2503249,175,209988,1.7,PACF,12545
SXTP,20250717 08:02:24.631000,2503250,100,210088,1.69,BOST,12545
SXTP,20250717 08:02:24.634000,2503252,325,210413,1.69,PACF,12545
SXTP,20250717 08:02:24.636000,2503254,400,210813,1.66,NQNX,12545
SXTP,20250717 08:02:24.785000,2503302,59,210872,1.69,PACF,12545
SXTP,20250717 08:02:25.306000,2503401,1000,211872,1.72,NQNX,12545
SXTP,20250717 08:02:25.828000,2503592,100,211972,1.7,PACF,12545
SXTP,20250717 08:02:25.834000,2503594,31,212003,1.69,PACF,12545
SXTP,20250717 08:02:25.838000,2503595,100,212103,1.66,BOST,12545
SXTP,20250717 08:02:25.841000,2503602,69,212172,1.66,NQEX,12545
SXTP,20250717 08:02:25.842000,2503603,100,212272,1.66,NQNX,12545
SXTP,20250717 08:02:25.844000,2503604,600,212872,1.66,NQNX,12545
SXTP,20250717 08:02:25.938000,2503616,10,212882,1.71,NQNX,12545
SXTP,20250717 08:02:26.274000,2503714,10,212892,1.7,NQNX,12545
SXTP,20250717 08:02:26.491000,2503780,2000,214892,1.7,NQNX,12545
SXTP,20250717 08:02:27.385000,2504048,10,214902,1.7,MEMX,12545
SXTP,20250717 08:02:27.387000,2504050,31,214933,1.66,NQEX,12545
SXTP,20250717 08:02:27.387000,2504051,100,215033,1.66,NQEX,12545
SXTP,20250717 08:02:27.389000,2504052,100,215133,1.65,NQEX,12545
SXTP,20250717 08:02:27.392000,2504053,98,215231,1.65,PACF,12545
SXTP,20250717 08:02:27.392000,2504054,2,215233,1.65,PACF,12545
SXTP,20250717 08:02:27.392000,2504055,622,215855,1.65,PACF,12545
SXTP,20250717 08:02:27.448000,2504077,10,215865,1.66,PACF,12545
SXTP,20250717 08:02:27.489000,2504088,10,215875,1.66,PACF,12545
SXTP,20250717 08:02:28.221000,2504196,40,215955,1.65,EDGX,12545
SXTP,20250717 08:02:28.221000,2504195,40,215915,1.65,EDGX,12545
SXTP,20250717 08:02:28.223000,2504198,40,216035,1.64,NQNX,12545
SXTP,20250717 08:02:28.223000,2504197,40,215995,1.64,NQNX,12545
SXTP,20250717 08:02:28.445000,2504307,208,217035,1.64,NQNX,12545
SXTP,20250717 08:02:28.445000,2504306,792,216827,1.64,MEMX,12545
SXTP,20250717 08:02:28.783000,2504681,1,217036,1.66,NQEX,12545
SXTP,20250717 08:02:28.784000,2504682,10,217046,1.66,EDGX,12545
SXTP,20250717 08:02:28.786000,2504685,2,217048,1.64,EDGX,12545
SXTP,20250717 08:02:28.789000,2504688,287,217335,1.63,PACF,12545
SXTP,20250717 08:02:28.811000,2504702,20,217355,1.67,NQNX,12545
SXTP,20250717 08:02:29.062000,2504826,50,217405,1.64,MEMX,12545
SXTP,20250717 08:02:29.062000,2504827,112,217517,1.64,NQNX,12545
SXTP,20250717 08:02:29.163000,2504866,20,217537,1.63,PACF,12545
SXTP,20250717 08:02:29.424000,2504954,213,217750,1.63,PACF,12545
SXTP,20250717 08:02:29.813000,2505057,10,217760,1.63,NQNX,12545
SXTP,20250717 08:02:30.234000,2505316,50,217810,1.62,NQEX,12545
SXTP,20250717 08:02:30.236000,2505320,50,217860,1.62,NQNX,12545
SXTP,20250717 08:02:30.476000,2505360,7,217867,1.62,NQEX,12545
SXTP,20250717 08:02:30.476000,2505361,3,217870,1.63,NQEX,12545
SXTP,20250717 08:02:30.478000,2505364,3,217873,1.62,NQNX,12545
SXTP,20250717 08:02:30.626000,2505476,500,218873,1.63,MEMX,12545
SXTP,20250717 08:02:30.626000,2505475,500,218373,1.63,MEMX,12545
SXTP,20250717 08:02:30.626000,2505479,177,219250,1.63,NQEX,12545
SXTP,20250717 08:02:30.626000,2505478,107,219073,1.63,NQEX,12545
SXTP,20250717 08:02:30.626000,2505477,93,218966,1.62,NQEX,12545
SXTP,20250717 08:02:30.708000,2505532,800,220050,1.63,MEMX,12545
SXTP,20250717 08:02:30.709000,2505534,50,220175,1.63,EDGX,12545
SXTP,20250717 08:02:30.709000,2505533,75,220125,1.63,EDGX,12545
SXTP,20250717 08:02:30.713000,2505536,75,220250,1.62,PACF,12545
SXTP,20250717 08:02:30.783000,2505546,89,220339,1.63,PACF,12545
SXTP,20250717 08:02:30.783000,2505548,3,220557,1.64,PACF,12545
SXTP,20250717 08:02:30.783000,2505547,215,220554,1.64,PACF,12545
SXTP,20250717 08:02:30.824000,2505559,146,222485,1.64,PACF,12545
SXTP,20250717 08:02:30.824000,2505557,700,221257,1.64,PACF,12545
SXTP,20250717 08:02:30.824000,2505558,1082,222339,1.64,PACF,12545
SXTP,20250717 08:02:30.824000,2505560,3,222488,1.64,PACF,12545
SXTP,20250717 08:02:31.585000,2506081,27,222515,1.7,NQNX,12545
SXTP,20250717 08:02:32.565000,2506451,10,222525,1.64,NQNX,12545
SXTP,20250717 08:02:34.786000,2507082,3080,225605,1.61,NQNX,12545
SXTP,20250717 08:02:35.048000,2507206,200,225805,1.7,BATY,12545
SXTP,20250717 08:02:35.048000,2507207,15,225820,1.7,BATY,12545
SXTP,20250717 08:02:35.210000,2507592,536,226356,1.61,NQNX,12545
SXTP,20250717 08:02:35.882000,2507783,200,226556,1.7,PACF,12545
SXTP,20250717 08:02:36.055000,2507816,10,226566,1.7,EDGX,12545
SXTP,20250717 08:02:36.105000,2507835,214,226780,1.63,NQNX,12545
SXTP,20250717 08:02:36.591000,2508029,50,226830,1.71,NQEX,12545
SXTP,20250717 08:02:36.680000,2508053,622,227452,1.7,PACF,12545
SXTP,20250717 08:02:36.937000,2508093,50,227502,1.7,EDGX,12545
SXTP,20250717 08:02:36.938000,2508095,20,227522,1.7,EDGX,12545
SXTP,20250717 08:02:36.938000,2508096,67,227589,1.7,EDGX,12545
SXTP,20250717 08:02:36.938000,2508097,20,227609,1.7,BATY,12545
SXTP,20250717 08:02:36.940000,2508101,63,228257,1.71,EDGX,12545
SXTP,20250717 08:02:36.940000,2508099,383,228059,1.71,NQEX,12545
SXTP,20250717 08:02:36.940000,2508102,365,228622,1.71,BATY,12545
SXTP,20250717 08:02:36.940000,2508100,135,228194,1.71,BATY,12545
SXTP,20250717 08:02:36.940000,2508098,67,227676,1.7,NQEX,12545
SXTP,20250717 08:02:39.775000,2508971,20,228642,1.7,NQNX,12545
SXTP,20250717 08:02:42.099000,2509627,2000,230642,1.7,NQNX,12545
SXTP,20250717 08:02:42.601000,2509778,1,230643,1.71,NQNX,12545
SXTP,20250717 08:02:43.727000,2510375,45,230688,1.71,NQNX,12545
SXTP,20250717 08:02:43.990000,2510437,27,230715,1.7,NQNX,12545
SXTP,20250717 08:02:44.580000,2510562,11,230726,1.71,NQEX,12545
SXTP,20250717 08:02:46.973000,2511308,50,230776,1.71,NQEX,12545
SXTP,20250717 08:02:47.697000,2511548,250,231026,1.7,NQEX,12545
SXTP,20250717 08:02:47.698000,2511549,178,231204,1.7,PACF,12545
SXTP,20250717 08:02:47.698000,2511550,111,231315,1.7,PACF,12545
SXTP,20250717 08:02:53.189000,2513646,12707,244022,1.65,NTRF,12545
SXTP,20250717 08:02:54.753000,2514205,100,245522,1.65,PACF,12545
SXTP,20250717 08:02:54.753000,2514204,200,245422,1.66,PACF,12545
SXTP,20250717 08:02:54.753000,2514203,77,245222,1.65,NQNX,12545
SXTP,20250717 08:02:54.753000,2514202,923,245145,1.65,EDGX,12545
SXTP,20250717 08:02:54.753000,2514201,200,244222,1.66,EDGX,12545
SXTP,20250717 08:02:54.754000,2514208,500,246345,1.64,PACF,12545
SXTP,20250717 08:02:54.754000,2514215,50,246945,1.63,EDGX,12545
SXTP,20250717 08:02:54.754000,2514206,200,245722,1.65,NQNX,12545
SXTP,20250717 08:02:54.754000,2514207,123,245845,1.64,EDGX,12545
SXTP,20250717 08:02:54.754000,2514209,10,246355,1.63,EDGX,12545
SXTP,20250717 08:02:54.754000,2514210,10,246365,1.63,EDGX,12545
SXTP,20250717 08:02:54.754000,2514211,10,246375,1.63,EDGX,12545
SXTP,20250717 08:02:54.754000,2514213,500,246885,1.63,NQEX,12545
SXTP,20250717 08:02:54.754000,2514214,10,246895,1.63,EDGX,12545
SXTP,20250717 08:02:54.754000,2514212,10,246385,1.63,EDGX,12545
SXTP,20250717 08:02:54.755000,2514220,10,246995,1.63,MEMX,12545
SXTP,20250717 08:02:54.755000,2514218,10,246975,1.63,PACF,12545
SXTP,20250717 08:02:54.755000,2514216,10,246955,1.63,PACF,12545
SXTP,20250717 08:02:54.755000,2514217,10,246965,1.63,PACF,12545
SXTP,20250717 08:02:54.755000,2514219,10,246985,1.63,MEMX,12545
SXTP,20250717 08:02:54.872000,2514251,6,247001,1.63,EDGX,12545
SXTP,20250717 08:02:55.399000,2514403,200,247201,1.63,NQNX,12545
SXTP,20250717 08:02:55.428000,2514409,184,247485,1.63,EDGX,12545
SXTP,20250717 08:02:55.428000,2514407,84,247285,1.62,EDGX,12545
SXTP,20250717 08:02:55.428000,2514408,16,247301,1.63,EDGX,12545
SXTP,20250717 08:02:55.922000,2514565,10,247515,1.62,EDGX,12545
SXTP,20250717 08:02:55.922000,2514566,10,247525,1.62,EDGX,12545
SXTP,20250717 08:02:55.922000,2514567,2,247527,1.62,EDGX,12545
SXTP,20250717 08:02:55.922000,2514564,20,247505,1.63,EDGX,12545
SXTP,20250717 08:02:55.923000,2514570,10,247562,1.62,PACF,12545
SXTP,20250717 08:02:55.923000,2514569,25,247552,1.62,PACF,12545
SXTP,20250717 08:02:57.069000,2514966,323,247985,1.62,NQEX,12545
SXTP,20250717 08:02:57.069000,2514964,100,247662,1.62,NQEX,12545
SXTP,20250717 08:02:57.606000,2515122,100,248085,1.62,NQEX,12545
SXTP,20250717 08:02:58.122000,2515279,500,248585,1.62,NQEX,12545
SXTP,20250717 08:02:58.357000,2515353,100,248785,1.63,EDGX,12545
SXTP,20250717 08:02:58.357000,2515352,100,248685,1.63,MEMX,12545
SXTP,20250717 08:02:58.505000,2515375,2,248787,1.61,NQNX,12545
SXTP,20250717 08:02:58.542000,2515390,30,248817,1.63,MEMX,12545
SXTP,20250717 08:02:58.549000,2515391,200,249017,1.63,MEMX,12545
SXTP,20250717 08:02:58.714000,2515403,2,249019,1.63,NQNX,12545
SXTP,20250717 08:02:58.814000,2515414,100,249119,1.63,IEX,12545
SXTP,20250717 08:02:59.172000,2515514,25,249144,1.62,EDGX,12545
SXTP,20250717 08:02:59.172000,2515515,25,249169,1.62,EDGX,12545
SXTP,20250717 08:02:59.183000,2515517,1,249170,1.62,NQNX,12545
SXTP,20250717 08:02:59.493000,2515551,450,249620,1.62,NQEX,12545
SXTP,20250717 08:02:59.644000,2515585,34,249654,1.62,NQNX,12545
SXTP,20250717 08:03:00.091000,2515680,200,249854,1.63,MEMX,12545
SXTP,20250717 08:03:00.091000,2515681,100,249954,1.63,EDGX,12545
SXTP,20250717 08:03:00.546000,2515821,400,250354,1.63,MEMX,12545
SXTP,20250717 08:03:00.568000,2515822,400,250754,1.63,MEMX,12545
SXTP,20250717 08:03:01.599000,2516209,7479,259233,1.63,NQNX,12545
SXTP,20250717 08:03:01.599000,2516208,1000,251754,1.63,MEMX,12545
SXTP,20250717 08:03:01.600000,2516210,400,259633,1.62,NQNX,12545
SXTP,20250717 08:03:01.601000,2516211,300,259933,1.62,NQNX,12545
SXTP,20250717 08:03:01.605000,2516212,200,260133,1.63,EDGX,12545
SXTP,20250717 08:03:04.058000,2517190,300,260433,1.69,NQNX,12545
SXTP,20250717 08:03:04.123000,2517197,50,260483,1.68,NQNX,12545
SXTP,20250717 08:03:04.629000,2517328,60,260543,1.68,NQNX,12545
SXTP,20250717 08:03:04.826000,2517374,70,260613,1.66,NQNX,12545
SXTP,20250717 08:03:05.700000,2517706,45,260678,1.68,EDGX,12545
SXTP,20250717 08:03:05.700000,2517708,200,260898,1.68,EDGX,12545
SXTP,20250717 08:03:05.700000,2517705,20,260633,1.67,EDGX,12545
SXTP,20250717 08:03:05.700000,2517709,1735,262633,1.68,NQNX,12545
SXTP,20250717 08:03:05.700000,2517707,20,260698,1.68,EDGX,12545
SXTP,20250717 08:03:05.779000,2517732,132,263633,1.68,PACF,12545
SXTP,20250717 08:03:05.779000,2517731,316,263501,1.68,NQEX,12545
SXTP,20250717 08:03:05.779000,2517728,186,262819,1.68,EDGX,12545
SXTP,20250717 08:03:05.779000,2517729,182,263001,1.69,EDGX,12545
SXTP,20250717 08:03:05.779000,2517730,184,263185,1.68,NQEX,12545
SXTP,20250717 08:03:06.313000,2517824,10,263643,1.66,PACF,12545
SXTP,20250717 08:03:06.314000,2517825,200,263843,1.65,EDGE,12545
SXTP,20250717 08:03:06.314000,2517826,200,264043,1.65,NYSE,12545
SXTP,20250717 08:03:06.315000,2517827,200,264243,1.65,IEX,12545
SXTP,20250717 08:03:06.571000,2517860,82,264325,1.65,NQEX,12545
SXTP,20250717 08:03:06.571000,2517862,100,264443,1.65,EDGX,12545
SXTP,20250717 08:03:06.571000,2517861,18,264343,1.65,NQEX,12545
SXTP,20250717 08:03:08.900000,2518288,100,264543,1.65,PACF,12545
SXTP,20250717 08:03:09.312000,2518494,10,264553,1.65,NQEX,12545
SXTP,20250717 08:03:09.790000,2518568,1,264554,1.64,NQNX,12545
SXTP,20250717 08:03:09.862000,2518588,100,264654,1.65,NQEX,12545
SXTP,20250717 08:03:10.089000,2518658,95,264749,1.65,NQEX,12545
SXTP,20250717 08:03:10.411000,2518734,30,264779,1.64,NQNX,12545
SXTP,20250717 08:03:10.583000,2518775,25,264804,1.65,NQEX,12545
SXTP,20250717 08:03:11.203000,2518879,100,264904,1.65,PACF,12545
SXTP,20250717 08:03:13.642000,2519444,17,264921,1.64,NQNX,12545
SXTP,20250717 08:03:14.293000,2519621,1,264922,1.64,NQNX,12545
SXTP,20250717 08:03:14.730000,2519725,1,264923,1.65,PACF,12545
SXTP,20250717 08:03:15.675000,2519902,34,265036,1.64,EDGX,12545
SXTP,20250717 08:03:15.675000,2519900,45,264968,1.64,EDGX,12545
SXTP,20250717 08:03:15.675000,2519903,20,265056,1.64,EDGX,12545
SXTP,20250717 08:03:15.675000,2519901,34,265002,1.64,EDGX,12545
SXTP,20250717 08:03:15.681000,2519905,66,265122,1.63,MEMX,12545
SXTP,20250717 08:03:15.681000,2519906,100,265222,1.63,EDGX,12545
SXTP,20250717 08:03:15.681000,2519907,100,265322,1.63,NQNX,12545
SXTP,20250717 08:03:15.683000,2519910,1053,266375,1.63,NQNX,12545
SXTP,20250717 08:03:15.684000,2519911,3200,269575,1.63,NQNX,12545
SXTP,20250717 08:03:15.685000,2519912,1100,270675,1.63,NQNX,12545
SXTP,20250717 08:03:15.686000,2519913,600,271275,1.63,NQNX,12545
SXTP,20250717 08:03:15.687000,2519914,500,271775,1.63,PACF,12545
SXTP,20250717 08:03:15.792000,2519934,50,271825,1.64,EDGX,12545
SXTP,20250717 08:03:16.682000,2520191,66,271925,1.63,BATS,12545
SXTP,20250717 08:03:16.682000,2520190,34,271859,1.63,MEMX,12545
SXTP,20250717 08:03:16.682000,2520192,200,272125,1.63,PACF,12545
SXTP,20250717 08:03:16.773000,2520215,100,272225,1.63,MIAX,12545
SXTP,20250717 08:03:16.773000,2520217,80,272405,1.63,BATS,12545
SXTP,20250717 08:03:16.773000,2520216,100,272325,1.63,BATS,12545
SXTP,20250717 08:03:21.327000,2521200,100,272505,1.64,EDGX,12545
SXTP,20250717 08:03:21.327000,2521201,100,272605,1.64,EDGX,12545
SXTP,20250717 08:03:21.328000,2521202,100,272705,1.63,NQNX,12545
SXTP,20250717 08:03:22.965000,2521621,5,272710,1.63,NQNX,12545
SXTP,20250717 08:03:23.013000,2521641,100,272810,1.65,NQEX,12545
SXTP,20250717 08:03:23.014000,2521642,130,272940,1.65,PACF,12545
SXTP,20250717 08:03:23.014000,2521643,130,273070,1.66,NQNX,12545
SXTP,20250717 08:03:23.111000,2521651,20,273090,1.65,PACF,12545
SXTP,20250717 08:03:23.111000,2521652,6,273096,1.64,PACF,12545
SXTP,20250717 08:03:25.987000,2522220,125,273221,1.64,NQNX,12545
SXTP,20250717 08:03:27.739000,2522694,200,273521,1.65,EDGE,12545
SXTP,20250717 08:03:27.739000,2522693,100,273321,1.65,EDGE,12545
SXTP,20250717 08:03:27.739000,2522695,100,273621,1.65,NQEX,12545
SXTP,20250717 08:03:29.179000,2523206,100,273721,1.65,NQEX,12545
SXTP,20250717 08:03:29.179000,2523215,123,274221,1.65,EDGX,12545
SXTP,20250717 08:03:29.179000,2523214,77,274098,1.65,EDGX,12545
SXTP,20250717 08:03:29.179000,2523213,3,274021,1.65,EDGX,12545
SXTP,20250717 08:03:29.179000,2523212,3,274018,1.65,EDGX,12545
SXTP,20250717 08:03:29.179000,2523211,3,274015,1.65,EDGX,12545
SXTP,20250717 08:03:29.179000,2523210,3,274012,1.65,EDGX,12545
SXTP,20250717 08:03:29.179000,2523209,94,274009,1.65,EDGX,12545
SXTP,20250717 08:03:29.179000,2523208,94,273915,1.65,EDGX,12545
SXTP,20250717 08:03:29.179000,2523207,100,273821,1.65,EDGX,12545
SXTP,20250717 08:03:30.984000,2523655,2,274223,1.65,NQNX,12545
SXTP,20250717 08:03:31.043000,2523663,100,274323,1.65,NQEX,12545
SXTP,20250717 08:03:31.046000,2523665,38,274361,1.65,PACF,12545
SXTP,20250717 08:03:31.046000,2523666,262,274623,1.65,PACF,12545
SXTP,20250717 08:03:31.076000,2523672,100,274723,1.65,PACF,12545
SXTP,20250717 08:03:32.659000,2524000,100,274823,1.65,NQEX,12545
SXTP,20250717 08:03:32.661000,2524001,31,274854,1.65,PACF,12545
SXTP,20250717 08:03:32.661000,2524002,269,275123,1.65,PACF,12545
SXTP,20250717 08:03:34.177000,2524479,100,275223,1.65,PACF,12545
SXTP,20250717 08:03:34.493000,2524519,70,275293,1.65,EDGX,12545
SXTP,20250717 08:03:34.782000,2524598,100,275393,1.65,EDGX,12545
SXTP,20250717 08:03:34.808000,2524601,1,275394,1.65,NQNX,12545
SXTP,20250717 08:03:34.874000,2524623,150,275544,1.65,EDGX,12545
SXTP,20250717 08:03:34.875000,2524624,100,275644,1.65,PACF,12545
SXTP,20250717 08:03:35.170000,2524691,100,275944,1.65,EDGX,12545
SXTP,20250717 08:03:35.170000,2524690,100,275844,1.65,EDGX,12545
SXTP,20250717 08:03:35.170000,2524689,100,275744,1.65,NQEX,12545
SXTP,20250717 08:03:35.170000,2524692,300,276244,1.65,PACF,12545
SXTP,20250717 08:03:35.171000,2524693,100,276344,1.65,EDGX,12545
SXTP,20250717 08:03:35.171000,2524695,100,276744,1.64,NQNX,12545
SXTP,20250717 08:03:35.171000,2524694,300,276644,1.65,EDGX,12545
SXTP,20250717 08:03:35.172000,2524696,100,276844,1.64,NQNX,12545
SXTP,20250717 08:03:35.172000,2524697,100,276944,1.64,NQNX,12545
SXTP,20250717 08:03:35.173000,2524699,100,277344,1.64,NQNX,12545
SXTP,20250717 08:03:35.173000,2524700,300,277644,1.64,NQNX,12545
SXTP,20250717 08:03:35.173000,2524698,300,277244,1.64,NQNX,12545
SXTP,20250717 08:03:35.233000,2524712,100,277744,1.65,NQEX,12545
SXTP,20250717 08:03:35.236000,2524713,585,278329,1.65,EDGX,12545
SXTP,20250717 08:03:35.441000,2524732,100,278429,1.65,NQEX,12545
SXTP,20250717 08:03:36.056000,2524904,30,278459,1.64,EDGX,12545
SXTP,20250717 08:03:36.058000,2524905,70,278529,1.65,EDGX,12545
SXTP,20250717 08:03:36.347000,2524955,100,278629,1.65,NQEX,12545
SXTP,20250717 08:03:36.705000,2525008,100,278729,1.64,BATS,12545
SXTP,20250717 08:03:36.918000,2525082,125,278854,1.64,NQNX,12545
SXTP,20250717 08:03:37.339000,2525151,400,279254,1.65,NQEX,12545
SXTP,20250717 08:03:37.413000,2525157,100,279354,1.64,NQNX,12545
SXTP,20250717 08:03:37.639000,2525189,100,279454,1.65,NQEX,12545
SXTP,20250717 08:03:37.747000,2525207,2000,281454,1.64,NQNX,12545
SXTP,20250717 08:03:38.276000,2525332,216,281670,1.65,EDGX,12545
SXTP,20250717 08:03:38.282000,2525333,20,281690,1.64,NQEX,12545
SXTP,20250717 08:03:38.283000,2525334,25,281715,1.64,MEMX,12545
SXTP,20250717 08:03:38.283000,2525335,100,281815,1.64,PACF,12545
SXTP,20250717 08:03:38.283000,2525336,10,281825,1.64,PACF,12545
SXTP,20250717 08:03:38.283000,2525337,145,281970,1.64,PACF,12545
SXTP,20250717 08:03:39.183000,2525587,25,282020,1.65,EDGX,12545
SXTP,20250717 08:03:39.183000,2525591,6,282298,1.65,PACF,12545
SXTP,20250717 08:03:39.183000,2525589,100,282170,1.65,PACF,12545
SXTP,20250717 08:03:39.183000,2525588,50,282070,1.65,EDGX,12545
SXTP,20250717 08:03:39.183000,2525590,122,282292,1.65,PACF,12545
SXTP,20250717 08:03:39.183000,2525586,25,281995,1.65,EDGX,12545
SXTP,20250717 08:03:40.412000,2525930,200,282498,1.65,NTRF,12545
SXTP,20250717 08:03:40.418000,2525932,100,282598,1.64,PACF,12545
SXTP,20250717 08:03:40.422000,2525933,52,282650,1.64,PACF,12545
SXTP,20250717 08:03:40.448000,2525938,63,282713,1.64,NQEX,12545
SXTP,20250717 08:03:41.139000,2526049,1,282714,1.64,EDGX,12545
SXTP,20250717 08:03:41.901000,2526236,72,282786,1.64,EDGX,12545
SXTP,20250717 08:03:41.901000,2526237,78,282864,1.64,PACF,12545
SXTP,20250717 08:03:41.902000,2526238,100,282964,1.65,NQEX,12545
SXTP,20250717 08:03:41.903000,2526247,102,288166,1.65,EDGX,12545
SXTP,20250717 08:03:41.903000,2526239,200,283164,1.65,NQEX,12545
SXTP,20250717 08:03:41.903000,2526244,800,286164,1.65,PACF,12545
SXTP,20250717 08:03:41.903000,2526240,300,283464,1.65,EDGX,12545
SXTP,20250717 08:03:41.903000,2526241,200,283664,1.65,BATS,12545
SXTP,20250717 08:03:41.903000,2526242,1600,285264,1.65,EDGX,12545
SXTP,20250717 08:03:41.903000,2526243,100,285364,1.65,EDGE,12545
SXTP,20250717 08:03:41.903000,2526245,1800,287964,1.65,PACF,12545
SXTP,20250717 08:03:41.903000,2526246,100,288064,1.65,EDGX,12545
SXTP,20250717 08:03:41.904000,2526249,200,288666,1.64,NQNX,12545
SXTP,20250717 08:03:41.904000,2526248,300,288466,1.64,NQNX,12545
SXTP,20250717 08:03:41.905000,2526251,100,290366,1.64,NQNX,12545
SXTP,20250717 08:03:41.905000,2526250,1600,290266,1.64,NQNX,12545
SXTP,20250717 08:03:41.906000,2526253,200,290666,1.64,NQNX,12545
SXTP,20250717 08:03:41.906000,2526252,100,290466,1.64,NQNX,12545
SXTP,20250717 08:03:41.906000,2526254,800,291466,1.64,NQNX,12545
SXTP,20250717 08:03:41.907000,2526255,1800,293266,1.64,NQNX,12545
SXTP,20250717 08:03:41.907000,2526256,100,293366,1.64,NQNX,12545
SXTP,20250717 08:03:41.907000,2526257,102,293468,1.64,NQNX,12545
SXTP,20250717 08:03:41.908000,2526258,400,293868,1.65,EDGX,12545
SXTP,20250717 08:03:41.908000,2526259,200,294068,1.65,NQNX,12545
SXTP,20250717 08:03:41.972000,2526273,542,294610,1.65,EDGX,12545
SXTP,20250717 08:03:42.300000,2526341,2909,297519,1.65,NQNX,12545
SXTP,20250717 08:03:42.797000,2526422,400,297919,1.66,NQNX,12545
SXTP,20250717 08:03:42.801000,2526427,200,298719,1.66,PACF,12545
SXTP,20250717 08:03:42.801000,2526426,600,298519,1.66,PACF,12545
SXTP,20250717 08:03:42.801000,2526428,200,298919,1.66,PACF,12545
SXTP,20250717 08:03:43.323000,2526928,5,298924,1.67,NQNX,12545
SXTP,20250717 08:03:43.648000,2527278,51,299575,1.68,EDGX,12545
SXTP,20250717 08:03:43.648000,2527279,49,299624,1.68,PACF,12545
SXTP,20250717 08:03:43.648000,2527277,400,299524,1.68,EDGX,12545
SXTP,20250717 08:03:43.648000,2527281,300,300029,1.68,EDGX,12545
SXTP,20250717 08:03:43.648000,2527276,200,299124,1.67,NQEX,12545
SXTP,20250717 08:03:43.648000,2527280,105,299729,1.68,PACF,12545
SXTP,20250717 08:03:43.649000,2527285,30,300385,1.67,PACF,12545
SXTP,20250717 08:03:43.649000,2527284,100,300355,1.67,PACF,12545
SXTP,20250717 08:03:43.649000,2527283,100,300255,1.67,PACF,12545
SXTP,20250717 08:03:43.649000,2527282,126,300155,1.67,PACF,12545
SXTP,20250717 08:03:44.079000,2527369,25,300410,1.68,NQNX,12545
SXTP,20250717 08:03:44.320000,2527443,100,300510,1.69,NQEX,12545
SXTP,20250717 08:03:44.875000,2527617,36,300546,1.68,PACF,12545
SXTP,20250717 08:03:44.875000,2527619,30,300670,1.69,PACF,12545
SXTP,20250717 08:03:44.875000,2527620,400,301070,1.69,PACF,12545
SXTP,20250717 08:03:44.875000,2527618,94,300640,1.69,PACF,12545
SXTP,20250717 08:03:45.958000,2528302,1,301071,1.7,PACF,12545
SXTP,20250717 08:03:46.028000,2528354,5,301076,1.69,PACF,12545
SXTP,20250717 08:03:46.598000,2528546,1,301077,1.69,PACF,12545
SXTP,20250717 08:03:47.560000,2528832,10,301087,1.68,NQNX,12545
SXTP,20250717 08:03:48.313000,2529175,250,301337,1.68,NQNX,12545
SXTP,20250717 08:03:48.722000,2529414,1000,302337,1.69,PACF,12545
SXTP,20250717 08:03:48.723000,2529416,39,302415,1.68,PACF,12545
SXTP,20250717 08:03:48.723000,2529417,999,303414,1.69,NQNX,12545
SXTP,20250717 08:03:48.723000,2529415,39,302376,1.68,EDGX,12545
SXTP,20250717 08:03:50.179000,2530174,300,303714,1.67,PACF,12545
SXTP,20250717 08:03:52.637000,2531238,45,303759,1.67,EDGX,12545
SXTP,20250717 08:03:52.637000,2531239,255,304014,1.68,EDGX,12545
SXTP,20250717 08:03:53.856000,2531770,77,304091,1.69,NQNX,12545
SXTP,20250717 08:03:53.986000,2531805,250,304341,1.69,NQNX,12545
SXTP,20250717 08:03:54.573000,2532066,250,304591,1.69,NQNX,12545
SXTP,20250717 08:03:56.607000,2532752,100,305191,1.67,BATS,12545
SXTP,20250717 08:03:56.607000,2532751,500,305091,1.67,EDGX,12545
SXTP,20250717 08:03:56.607000,2532753,100,305291,1.67,BATS,12545
SXTP,20250717 08:03:56.608000,2532755,500,305891,1.67,BATS,12545
SXTP,20250717 08:03:56.608000,2532754,100,305391,1.67,BATS,12545
SXTP,20250717 08:03:56.609000,2532756,182,306073,1.66,NQEX,12545
SXTP,20250717 08:03:58.462000,2533527,10,306083,1.67,NQNX,12545
SXTP,20250717 08:03:58.836000,2533764,1,306084,1.68,NQNX,12545
SXTP,20250717 08:03:58.841000,2533766,30,306114,1.68,PACF,12545
SXTP,20250717 08:03:59.816000,2534374,500,306614,1.68,NQNX,12545
SXTP,20250717 08:04:00.033000,2534418,31,306714,1.68,EDGX,12545
SXTP,20250717 08:04:00.033000,2534417,69,306683,1.67,EDGX,12545
SXTP,20250717 08:04:01.496000,2535168,30,306793,1.68,EDGX,12545
SXTP,20250717 08:04:01.496000,2535167,49,306763,1.67,EDGX,12545
SXTP,20250717 08:04:05.455000,2536544,9,306802,1.68,NQNX,12545
SXTP,20250717 08:04:08.587000,2537326,140,306942,1.67,NQNX,12545
SXTP,20250717 08:04:10.561000,2537930,100,307103,1.67,PACF,12545
SXTP,20250717 08:04:10.561000,2537929,61,307003,1.66,PACF,12545
SXTP,20250717 08:04:10.562000,2537931,31,307134,1.67,PACF,12545
SXTP,20250717 08:04:13.627000,2538997,300,307485,1.67,EDGX,12545
SXTP,20250717 08:04:13.627000,2538996,51,307185,1.66,EDGX,12545
SXTP,20250717 08:04:13.628000,2538999,191,307726,1.67,PACF,12545
SXTP,20250717 08:04:13.628000,2538998,50,307535,1.67,PACF,12545
SXTP,20250717 08:04:14.711000,2539230,250,307976,1.67,NQNX,12545
SXTP,20250717 08:04:15.806000,2539501,2,307978,1.68,NQNX,12545
SXTP,20250717 08:04:16.129000,2539561,47,308025,1.67,PACF,12545
SXTP,20250717 08:04:21.383000,2541378,25,308050,1.67,PACF,12545
SXTP,20250717 08:04:21.784000,2541488,1,308051,1.67,NQNX,12545
SXTP,20250717 08:04:21.963000,2541551,2,308053,1.68,NQNX,12545
SXTP,20250717 08:04:22.498000,2541753,20,308073,1.68,NQNX,12545
SXTP,20250717 08:04:23.536000,2542056,1000,309073,1.67,NQNX,12545
SXTP,20250717 08:04:26.393000,2542744,25,309198,1.67,PACF,12545
SXTP,20250717 08:04:26.393000,2542743,11,309173,1.68,EDGX,12545
SXTP,20250717 08:04:26.393000,2542742,89,309162,1.67,EDGX,12545
SXTP,20250717 08:04:27.423000,2543068,10,309208,1.67,EDGX,12545
SXTP,20250717 08:04:28.061000,2543301,50,309258,1.67,EDGX,12545
SXTP,20250717 08:04:28.199000,2543327,440,309898,1.67,EDGX,12545
SXTP,20250717 08:04:28.199000,2543326,200,309458,1.67,NQEX,12545
SXTP,20250717 08:04:28.200000,2543329,100,310286,1.67,PACF,12545
SXTP,20250717 08:04:28.200000,2543330,371,310657,1.67,NQEX,12545
SXTP,20250717 08:04:28.200000,2543328,288,310186,1.67,PACF,12545
SXTP,20250717 08:04:29.146000,2543633,32,311107,1.66,EDGX,12545
SXTP,20250717 08:04:29.146000,2543631,200,310975,1.66,NQEX,12545
SXTP,20250717 08:04:29.146000,2543630,118,310775,1.66,NQEX,12545
SXTP,20250717 08:04:29.146000,2543632,100,311075,1.66,NQEX,12545
SXTP,20250717 08:04:30.180000,2543916,333,311607,1.66,EDGX,12545
SXTP,20250717 08:04:30.180000,2543914,87,311194,1.66,EDGX,12545
SXTP,20250717 08:04:30.180000,2543915,80,311274,1.66,EDGX,12545
SXTP,20250717 08:04:33.207000,2545003,50,313324,1.66,EDGX,12545
SXTP,20250717 08:04:33.207000,2545002,1667,313274,1.66,EDGX,12545
SXTP,20250717 08:04:34.899000,2545688,17,313341,1.65,PACF,12545
SXTP,20250717 08:04:35.390000,2545878,100,313441,1.65,BATY,12545
SXTP,20250717 08:04:36.101000,2546035,205,313646,1.66,PACF,12545
SXTP,20250717 08:04:36.102000,2546036,95,313741,1.65,EDGX,12545
SXTP,20250717 08:04:36.304000,2546114,65,313806,1.65,EDGX,12545
SXTP,20250717 08:04:36.304000,2546115,135,313941,1.66,EDGX,12545
SXTP,20250717 08:04:36.304000,2546116,148,314089,1.66,EDGX,12545
SXTP,20250717 08:04:36.304000,2546117,400,314489,1.66,EDGX,12545
SXTP,20250717 08:04:36.361000,2546122,234,314723,1.66,NQNX,12545
SXTP,20250717 08:04:36.846000,2546243,20,314743,1.66,EDGX,12545
SXTP,20250717 08:04:40.030000,2547032,60,314803,1.66,NQNX,12545
SXTP,20250717 08:04:43.132000,2547910,100,314903,1.66,PACF,12545
SXTP,20250717 08:04:47.194000,2549570,1000,315903,1.66,NQNX,12545
SXTP,20250717 08:04:49.561000,2550240,1,315904,1.66,NQNX,12545
SXTP,20250717 08:04:54.783000,2554454,168,316106,1.66,EDGX,12545
SXTP,20250717 08:04:54.783000,2554453,34,315938,1.66,EDGX,12545
SXTP,20250717 08:04:54.784000,2554456,103,316303,1.66,PACF,12545
SXTP,20250717 08:04:54.784000,2554455,94,316200,1.66,PACF,12545
SXTP,20250717 08:04:57.493000,2555838,332,316635,1.66,EDGX,12545
SXTP,20250717 08:05:02.753000,2558464,94,316729,1.65,EDGX,12545
SXTP,20250717 08:05:02.753000,2558465,300,317029,1.66,EDGX,12545
SXTP,20250717 08:05:07.901000,2560784,221,317250,1.66,NQNX,12545
SXTP,20250717 08:05:09.851000,2561509,3000,320250,1.68,NQNX,12545
SXTP,20250717 08:05:12.220000,2563008,1,320251,1.66,NQNX,12545
SXTP,20250717 08:05:18.977000,2565958,131,320382,1.67,PACF,12545
SXTP,20250717 08:05:18.977000,2565959,62,320444,1.68,PACF,12545
SXTP,20250717 08:05:18.977000,2565960,107,320551,1.68,EDGX,12545
SXTP,20250717 08:05:34.646000,2570963,30,320639,1.68,PACF,12545
SXTP,20250717 08:05:34.646000,2570962,20,320609,1.68,PACF,12545
SXTP,20250717 08:05:34.646000,2570961,38,320589,1.68,PACF,12545
SXTP,20250717 08:05:34.646000,2570964,12,320651,1.68,PACF,12545
SXTP,20250717 08:05:37.489000,2571491,300,320951,1.68,EDGX,12545
SXTP,20250717 08:05:37.489000,2571493,80,321145,1.68,EDGX,12545
SXTP,20250717 08:05:37.489000,2571495,475,321651,1.69,NQNX,12545
SXTP,20250717 08:05:37.489000,2571494,31,321176,1.68,PACF,12545
SXTP,20250717 08:05:37.489000,2571492,114,321065,1.68,EDGX,12545
SXTP,20250717 08:05:48.501000,2574141,1,321652,1.69,PACF,12545
SXTP,20250717 08:05:49.205000,2574281,300,321952,1.67,NTRF,12545
SXTP,20250717 08:05:52.614000,2575264,100,322052,1.69,BOST,12545
SXTP,20250717 08:05:57.375000,2576524,10,322062,1.68,EDGX,12545
SXTP,20250717 08:05:57.376000,2576525,69,322131,1.67,EDGX,12545
SXTP,20250717 08:06:02.753000,2578738,5,322136,1.69,NQNX,12545
SXTP,20250717 08:06:06.937000,2580236,294,322430,1.69,PACF,12545
SXTP,20250717 08:06:07.341000,2580343,1,322431,1.67,PACF,12545
SXTP,20250717 08:06:08.723000,2580764,1,322432,1.68,PACF,12545
SXTP,20250717 08:06:08.723000,2580765,4,322436,1.69,PACF,12545
SXTP,20250717 08:06:13.174000,2581933,150,322586,1.68,PACF,12545
SXTP,20250717 08:06:16.491000,2582939,1500,324086,1.69,NQNX,12545
SXTP,20250717 08:06:18.256000,2583331,1000,325086,1.68,NQNX,12545
SXTP,20250717 08:06:18.279000,2583335,63,325149,1.68,PACF,12545
SXTP,20250717 08:06:22.487000,2584438,7,325156,1.68,NQNX,12545
SXTP,20250717 08:06:25.224000,2585548,100,325256,1.68,NQNX,12545
SXTP,20250717 08:06:25.247000,2585551,1,325257,1.68,PACF,12545
SXTP,20250717 08:06:25.862000,2585683,61,325470,1.69,EDGX,12545
SXTP,20250717 08:06:25.862000,2585680,1,325407,1.69,EDGX,12545
SXTP,20250717 08:06:25.862000,2585679,149,325406,1.68,EDGX,12545
SXTP,20250717 08:06:25.862000,2585682,1,325409,1.69,EDGX,12545
SXTP,20250717 08:06:25.862000,2585681,1,325408,1.69,EDGX,12545
SXTP,20250717 08:06:27.987000,2586124,10,325480,1.67,NQNX,12545
SXTP,20250717 08:06:31.249000,2587059,2,325482,1.68,EDGX,12545
SXTP,20250717 08:06:33.991000,2587844,435,325917,1.67,NQNX,12545
SXTP,20250717 08:06:34.431000,2587933,100,326017,1.67,EDGX,12545
SXTP,20250717 08:06:34.431000,2587934,168,326185,1.66,EDGX,12545
SXTP,20250717 08:06:34.431000,2587935,132,326317,1.67,PACF,12545
SXTP,20250717 08:06:35.302000,2588068,1,326318,1.67,EDGX,12545
SXTP,20250717 08:06:39.614000,2589549,450,326768,1.67,NTRF,12545
SXTP,20250717 08:06:42.349000,2590317,10,326778,1.67,MEMX,12545
SXTP,20250717 08:06:42.542000,2590462,1,326779,1.67,MEMX,12545
SXTP,20250717 08:06:44.026000,2591010,20,326799,1.67,NQEX,12545
SXTP,20250717 08:06:48.839000,2592748,3,326802,1.66,PACF,12545
SXTP,20250717 08:06:49.037000,2592758,25,326827,1.67,NQNX,12545
SXTP,20250717 08:06:49.695000,2592933,197,327024,1.66,NQNX,12545
SXTP,20250717 08:06:51.723000,2593515,405,327429,1.66,EDGX,12545
SXTP,20250717 08:06:55.845000,2594497,280,327709,1.67,NQNX,12545
SXTP,20250717 08:07:01.541000,2595952,435,328144,1.66,NQNX,12545
SXTP,20250717 08:07:03.028000,2596574,77,328221,1.66,EDGX,12545
SXTP,20250717 08:07:08.279000,2598080,20,328241,1.67,BATS,12545
SXTP,20250717 08:07:21.719000,2601353,25,328266,1.67,BATS,12545
SXTP,20250717 08:07:22.519000,2601549,50,328336,1.66,PACF,12545
SXTP,20250717 08:07:22.519000,2601550,67,328403,1.66,PACF,12545
SXTP,20250717 08:07:22.519000,2601548,20,328286,1.66,PACF,12545
SXTP,20250717 08:07:25.024000,2602011,1000,329403,1.66,NQNX,12545
SXTP,20250717 08:07:25.769000,2602204,1000,330403,1.66,NQNX,12545
SXTP,20250717 08:07:26.707000,2602404,600,331003,1.67,NQNX,12545
SXTP,20250717 08:07:29.913000,2603189,267,331270,1.66,NQNX,12545
SXTP,20250717 08:07:30.055000,2603224,15,331285,1.66,PACF,12545
SXTP,20250717 08:07:36.469000,2605255,15,331300,1.66,PACF,12545
SXTP,20250717 08:07:37.148000,2605478,501,331801,1.66,NQNX,12545
SXTP,20250717 08:07:42.943000,2606978,100,331901,1.67,NQEX,12545
SXTP,20250717 08:07:45.508000,2607624,100,332001,1.66,NQNX,12545
SXTP,20250717 08:07:47.378000,2608092,15,332016,1.66,PACF,12545
SXTP,20250717 08:07:48.590000,2608341,38,332116,1.67,PACF,12545
SXTP,20250717 08:07:48.590000,2608340,62,332078,1.66,PACF,12545
SXTP,20250717 08:07:50.836000,2609010,500,332616,1.66,NQNX,12545
SXTP,20250717 08:07:50.883000,2609022,3,333210,1.67,PACF,12545
SXTP,20250717 08:07:50.883000,2609016,1,332994,1.67,PACF,12545
SXTP,20250717 08:07:50.883000,2609017,2,332996,1.67,PACF,12545
SXTP,20250717 08:07:50.883000,2609018,1,332997,1.67,PACF,12545
SXTP,20250717 08:07:50.883000,2609019,1,332998,1.67,PACF,12545
SXTP,20250717 08:07:50.883000,2609021,7,333207,1.67,PACF,12545
SXTP,20250717 08:07:50.883000,2609023,2,333212,1.67,PACF,12545
SXTP,20250717 08:07:50.883000,2609024,3,333215,1.67,PACF,12545
SXTP,20250717 08:07:50.883000,2609015,73,332993,1.67,PACF,12545
SXTP,20250717 08:07:50.883000,2609020,202,333200,1.67,PACF,12545
SXTP,20250717 08:07:50.883000,2609014,304,332920,1.67,BATS,12545
SXTP,20250717 08:07:50.883000,2609025,1,333216,1.67,PACF,12545
SXTP,20250717 08:07:51.310000,2609147,100,333546,1.67,PACF,12545
SXTP,20250717 08:07:51.310000,2609148,100,333646,1.67,PACF,12545
SXTP,20250717 08:07:51.310000,2609146,66,333446,1.67,EDGX,12545
SXTP,20250717 08:07:51.310000,2609144,66,333331,1.67,EDGX,12545
SXTP,20250717 08:07:51.310000,2609145,49,333380,1.67,EDGX,12545
SXTP,20250717 08:07:51.310000,2609143,49,333265,1.67,EDGX,12545
SXTP,20250717 08:07:51.310000,2609149,200,333846,1.67,PACF,12545
SXTP,20250717 08:07:55.745000,2610229,1000,334846,1.66,NQNX,12545
SXTP,20250717 08:08:05.352000,2612806,350,335196,1.66,EDGX,12545
SXTP,20250717 08:08:05.353000,2612807,100,335296,1.66,NQEX,12545
SXTP,20250717 08:08:05.353000,2612808,11,335307,1.66,NQEX,12545
SXTP,20250717 08:08:23.484000,2620595,26,335333,1.66,PACF,12545
SXTP,20250717 08:08:34.689000,2623897,1,335334,1.67,NTRF,12545
SXTP,20250717 08:08:36.035000,2624757,2,335336,1.67,NQNX,12545
SXTP,20250717 08:08:36.247000,2625056,1,335337,1.67,BATS,12545
SXTP,20250717 08:08:40.869000,2627875,5,335342,1.66,NQEX,12545
SXTP,20250717 08:08:40.954000,2627903,200,335542,1.66,NQNX,12545
SXTP,20250717 08:08:45.136000,2629546,2,335544,1.66,PACF,12545
SXTP,20250717 08:08:45.136000,2629547,150,335694,1.66,PACF,12545
SXTP,20250717 08:08:45.526000,2629638,150,335844,1.66,PACF,12545
SXTP,20250717 08:08:45.526000,2629639,50,335894,1.66,PACF,12545
SXTP,20250717 08:09:01.890000,2636872,10,335904,1.66,EDGX,12545
SXTP,20250717 08:09:19.549000,2642709,230,336134,1.66,NQNX,12545
SXTP,20250717 08:09:26.915000,2644708,38,336172,1.66,PACF,12545
SXTP,20250717 08:09:31.119000,2645596,280,336672,1.67,EDGX,12545
SXTP,20250717 08:09:31.119000,2645595,115,336392,1.66,EDGX,12545
SXTP,20250717 08:09:31.119000,2645594,105,336277,1.66,EDGX,12545
SXTP,20250717 08:09:33.584000,2646094,405,337077,1.67,EDGX,12545
SXTP,20250717 08:09:33.584000,2646095,7,337084,1.67,EDGX,12545
SXTP,20250717 08:09:48.203000,2649383,60,337144,1.67,NQEX,12545
SXTP,20250717 08:09:48.204000,2649384,35,337179,1.67,NQEX,12545
SXTP,20250717 08:09:48.204000,2649386,845,338084,1.68,NQNX,12545
SXTP,20250717 08:09:48.204000,2649385,60,337239,1.68,NQEX,12545
SXTP,20250717 08:10:01.477000,2653624,55,338139,1.68,PACF,12545
SXTP,20250717 08:10:10.795000,2655725,124,338409,1.68,PACF,12545
SXTP,20250717 08:10:10.795000,2655724,80,338285,1.68,PACF,12545
SXTP,20250717 08:10:10.795000,2655723,66,338205,1.68,EDGX,12545
SXTP,20250717 08:10:29.511000,2660648,15,338424,1.67,BATS,12545
SXTP,20250717 08:10:39.787000,2663479,50,338474,1.67,PACF,12545
SXTP,20250717 08:10:49.735000,2666088,1129,339603,1.68,NQNX,12545
SXTP,20250717 08:10:52.851000,2667069,49,339652,1.66,NQNX,12545
SXTP,20250717 08:11:06.715000,2670808,1,339653,1.67,PACF,12545
SXTP,20250717 08:11:10.529000,2671818,300,339953,1.66,NQNX,12545
SXTP,20250717 08:11:12.683000,2672343,350,340703,1.68,BATS,12545
SXTP,20250717 08:11:12.683000,2672344,130,340833,1.67,PACF,12545
SXTP,20250717 08:11:12.683000,2672342,219,340353,1.68,EDGX,12545
SXTP,20250717 08:11:12.683000,2672341,181,340134,1.67,EDGX,12545
SXTP,20250717 08:11:12.683000,2672345,120,340953,1.68,PACF,12545
SXTP,20250717 08:11:12.684000,2672346,380,341333,1.68,NQNX,12545
SXTP,20250717 08:11:16.605000,2673177,1,341334,1.68,EDGX,12545
SXTP,20250717 08:11:19.990000,2674049,1,341335,1.68,NQEX,12545
SXTP,20250717 08:11:21.199000,2674345,1,341336,1.68,NQEX,12545
SXTP,20250717 08:11:22.202000,2674862,1,341337,1.68,NQEX,12545
SXTP,20250717 08:11:22.993000,2675042,500,341837,1.69,MEMX,12545
SXTP,20250717 08:11:22.993000,2675043,100,341937,1.69,NQNX,12545
SXTP,20250717 08:11:23.096000,2675072,1,341938,1.68,NQEX,12545
SXTP,20250717 08:11:23.735000,2675378,1,341939,1.69,NQEX,12545
SXTP,20250717 08:11:24.545000,2675740,1,341940,1.69,NQEX,12545
SXTP,20250717 08:11:25.127000,2676047,1,341941,1.69,NQEX,12545
SXTP,20250717 08:11:25.728000,2676200,1,341942,1.69,NQEX,12545
SXTP,20250717 08:11:26.247000,2676366,1,341943,1.69,NQEX,12545
SXTP,20250717 08:11:26.735000,2676514,1,341944,1.69,NQEX,12545
SXTP,20250717 08:11:27.292000,2676774,1,341945,1.69,NQEX,12545
SXTP,20250717 08:11:27.676000,2676963,1,341946,1.69,NQEX,12545
SXTP,20250717 08:11:28.131000,2677072,1,341947,1.69,NQEX,12545
SXTP,20250717 08:11:29.078000,2677449,1,341948,1.69,NQEX,12545
SXTP,20250717 08:11:30.126000,2677705,13,341961,1.66,NQNX,12545
SXTP,20250717 08:11:36.086000,2679263,400,344061,1.66,NQEX,12545
SXTP,20250717 08:11:36.086000,2679269,84,345445,1.66,NQEX,12545
SXTP,20250717 08:11:36.086000,2679267,545,345356,1.66,PACF,12545
SXTP,20250717 08:11:36.086000,2679266,100,344811,1.66,PACF,12545
SXTP,20250717 08:11:36.086000,2679264,600,344661,1.66,BATY,12545
SXTP,20250717 08:11:36.086000,2679262,400,343661,1.66,BATS,12545
SXTP,20250717 08:11:36.086000,2679261,1300,343261,1.66,MEMX,12545
SXTP,20250717 08:11:36.086000,2679265,50,344711,1.66,PACF,12545
SXTP,20250717 08:11:36.086000,2679268,5,345361,1.66,PACF,12545
SXTP,20250717 08:11:36.087000,2679270,1281,346726,1.65,BATY,12545
SXTP,20250717 08:11:39.118000,2680570,10,346736,1.66,EDGX,12545
SXTP,20250717 08:11:39.119000,2680571,459,347195,1.68,NQEX,12545
