SymbolId,CurrentTime,Index,Bid,BidSize,Ask,AskSize,BidCondition,AskCondition,BidExchange,AskExchange
SXTP,20250717 04:02:22.327000,0,1.62,8,1.73,1,REGULAR,REGULAR,EDGX,10247
SXTP,20250717 04:02:22.327000,0,1.62,8,1.73,1,REGULAR,REGULAR,EDGX,10247
SXTP,20250717 04:02:58.182000,0,1.62,8,1.8,1,REGULAR,REGULAR,EDGX,10305
SXTP,20250717 04:04:43.256000,0,1.62,8,1.8,1,REGULAR,REGULAR,EDGX,10305
SXTP,20250717 04:06:31.390000,0,1.62,8,1.72,1,REGULAR,REGULAR,EDGX,10247
SXTP,20250717 04:06:31.390000,0,1.62,8,1.72,1,REGULAR,REGULAR,EDGX,10247
SXTP,20250717 04:06:31.390000,0,1.62,8,1.72,1,REGULAR,REGULAR,EDGX,10247
SXTP,20250717 04:06:31.399000,0,1.62,8,1.64,18,REGULAR,REGULAR,EDGX,10313
SXTP,20250717 04:06:31.399000,0,1.62,8,1.64,18,REGULAR,REGULAR,EDGX,10313
SXTP,20250717 04:07:15.502000,0,1.62,8,1.64,17,REGULAR,REGULAR,EDGX,10313
SXTP,20250717 04:07:15.791000,0,1.62,8,1.64,17,REGULAR,REGULAR,EDGX,10313
SXTP,20250717 04:07:23.884000,0,1.62,8,1.64,17,REGULAR,REGULAR,EDGX,10313
SXTP,20250717 04:07:33.125000,0,1.62,8,1.64,17,REGULAR,REGULAR,EDGX,10313
SXTP,20250717 04:07:33.937000,0,1.62,8,1.64,17,REGULAR,REGULAR,EDGX,10313
SXTP,20250717 04:07:53.212000,0,1.62,8,1.64,17,REGULAR,REGULAR,EDGX,10313
SXTP,20250717 04:08:24.067000,0,1.62,8,1.63,1,REGULAR,REGULAR,EDGX,10241
SXTP,20250717 04:09:50.202000,0,1.62,8,1.63,17,REGULAR,REGULAR,EDGX,10313
SXTP,20250717 04:09:50.202000,0,1.62,8,1.63,17,REGULAR,REGULAR,EDGX,10313
SXTP,20250717 04:09:50.202000,0,1.62,8,1.63,17,REGULAR,REGULAR,EDGX,10313
SXTP,20250717 04:10:03.071000,0,1.6,1,1.63,1,REGULAR,REGULAR,PACF,10241
SXTP,20250717 04:10:03.071000,0,1.6,1,1.63,1,REGULAR,REGULAR,PACF,10241
SXTP,20250717 04:10:03.073000,0,1.57,3,1.63,2,REGULAR,REGULAR,EDGX,10241
SXTP,20250717 04:10:03.073000,0,1.57,3,1.63,2,REGULAR,REGULAR,EDGX,10241
SXTP,20250717 04:10:03.080000,0,1.57,3,1.58,6,REGULAR,REGULAR,EDGX,10313
SXTP,20250717 04:10:08.547000,0,1.57,3,1.63,1,REGULAR,REGULAR,EDGX,10241
SXTP,20250717 04:11:46.345000,0,1.57,2,1.6,1,REGULAR,REGULAR,EDGX,10241
SXTP,20250717 04:11:46.345000,0,1.57,2,1.6,1,REGULAR,REGULAR,EDGX,10241
SXTP,20250717 04:15:35.298000,0,1.63,7,1.67,1,REGULAR,REGULAR,PACF,10247
SXTP,20250717 04:15:35.298000,0,1.63,7,1.67,1,REGULAR,REGULAR,PACF,10247
SXTP,20250717 04:15:35.298000,0,1.63,7,1.67,1,REGULAR,REGULAR,PACF,10247
SXTP,20250717 04:15:35.298000,0,1.63,7,1.67,1,REGULAR,REGULAR,PACF,10247
SXTP,20250717 04:16:50.628000,0,1.57,2,1.58,1,REGULAR,REGULAR,EDGX,10247
SXTP,20250717 04:16:50.628000,0,1.57,2,1.58,1,REGULAR,REGULAR,EDGX,10247
SXTP,20250717 04:18:19.175000,0,1.57,2,1.58,1,REGULAR,REGULAR,EDGX,10247
SXTP,20250717 04:18:20.727000,0,1.57,2,1.63,1,REGULAR,REGULAR,EDGX,10247
SXTP,20250717 04:18:32.828000,0,1.57,2,1.8,1,REGULAR,REGULAR,EDGX,10305
SXTP,20250717 04:20:19.144000,0,1.57,2,1.8,1,REGULAR,REGULAR,EDGX,10305
SXTP,20250717 04:20:19.146000,0,1.57,2,1.8,1,REGULAR,REGULAR,EDGX,10305
SXTP,20250717 04:20:19.622000,0,1.57,2,1.8,1,REGULAR,REGULAR,EDGX,10305
SXTP,20250717 04:20:19.742000,0,1.57,2,1.8,1,REGULAR,REGULAR,EDGX,10305
SXTP,20250717 04:20:22.419000,0,1.57,2,1.8,1,REGULAR,REGULAR,EDGX,10305
SXTP,20250717 04:20:32.656000,0,1.57,2,1.8,1,REGULAR,REGULAR,EDGX,10305
SXTP,20250717 04:20:59.733000,0,1.57,2,1.8,1,REGULAR,REGULAR,EDGX,10305
SXTP,20250717 04:26:37.307000,0,1.58,2,1.62,6,REGULAR,REGULAR,EDGX,10247
SXTP,20250717 04:27:32.713000,0,1.58,2,1.62,6,REGULAR,REGULAR,EDGX,10247
SXTP,20250717 04:28:11.197000,0,1.58,2,1.62,6,REGULAR,REGULAR,EDGX,10247
SXTP,20250717 04:28:19.064000,0,1.58,2,1.62,6,REGULAR,REGULAR,EDGX,10247
SXTP,20250717 04:30:00.932000,0,1.58,2,1.62,6,REGULAR,REGULAR,EDGX,10247
SXTP,20250717 04:30:29.556000,0,1.58,2,1.62,6,REGULAR,REGULAR,EDGX,10247
SXTP,20250717 04:34:49.799000,0,1.58,2,1.6,1,REGULAR,REGULAR,EDGX,10247
SXTP,20250717 04:34:55.281000,0,1.58,2,1.6,1,REGULAR,REGULAR,EDGX,10247
SXTP,20250717 04:35:04.137000,0,1.58,2,1.6,1,REGULAR,REGULAR,EDGX,10247
SXTP,20250717 04:35:15.337000,0,1.58,2,1.62,6,REGULAR,REGULAR,EDGX,10247
SXTP,20250717 04:35:16.880000,0,1.58,2,1.62,6,REGULAR,REGULAR,EDGX,10247
SXTP,20250717 04:35:27.878000,0,1.58,2,1.62,6,REGULAR,REGULAR,EDGX,10247
SXTP,20250717 04:35:31.086000,0,1.58,2,1.62,6,REGULAR,REGULAR,EDGX,10247
SXTP,20250717 04:35:31.088000,0,1.58,2,1.62,6,REGULAR,REGULAR,EDGX,10247
SXTP,20250717 04:35:31.090000,0,1.58,2,1.62,4,REGULAR,REGULAR,EDGX,10247
SXTP,20250717 04:36:14.712000,0,1.59,2,1.62,4,REGULAR,REGULAR,PACF,10247
SXTP,20250717 04:38:41.511000,0,1.59,2,1.62,4,REGULAR,REGULAR,PACF,10247
SXTP,20250717 04:39:02.820000,0,1.59,2,1.62,4,REGULAR,REGULAR,PACF,10247
SXTP,20250717 04:39:05.421000,0,1.57,3,1.6,3,REGULAR,REGULAR,EDGX,10247
SXTP,20250717 04:39:05.421000,0,1.57,3,1.6,3,REGULAR,REGULAR,EDGX,10247
SXTP,20250717 04:39:05.421000,0,1.57,3,1.6,3,REGULAR,REGULAR,EDGX,10247
SXTP,20250717 04:39:05.421000,0,1.57,3,1.6,3,REGULAR,REGULAR,EDGX,10247
SXTP,20250717 04:39:05.421000,0,1.57,3,1.6,3,REGULAR,REGULAR,EDGX,10247
SXTP,20250717 04:39:05.421000,0,1.57,3,1.6,3,REGULAR,REGULAR,EDGX,10247
SXTP,20250717 04:39:05.421000,0,1.57,3,1.6,3,REGULAR,REGULAR,EDGX,10247
SXTP,20250717 04:39:14.875000,0,1.57,3,1.61,1,REGULAR,REGULAR,EDGX,10247
SXTP,20250717 04:39:21.089000,0,1.57,3,1.61,1,REGULAR,REGULAR,EDGX,10247
SXTP,20250717 04:39:26.852000,0,1.57,3,1.61,1,REGULAR,REGULAR,EDGX,10247
SXTP,20250717 04:39:32.064000,0,1.57,3,1.61,1,REGULAR,REGULAR,EDGX,10247
SXTP,20250717 04:39:37.195000,0,1.57,3,1.61,1,REGULAR,REGULAR,EDGX,10247
SXTP,20250717 04:39:42.847000,0,1.57,3,1.61,1,REGULAR,REGULAR,EDGX,10247
SXTP,20250717 04:39:48.386000,0,1.57,3,1.61,1,REGULAR,REGULAR,EDGX,10247
SXTP,20250717 04:39:53.294000,0,1.57,3,1.61,1,REGULAR,REGULAR,EDGX,10247
SXTP,20250717 04:39:57.811000,0,1.57,3,1.61,1,REGULAR,REGULAR,EDGX,10247
SXTP,20250717 04:40:02.693000,0,1.57,3,1.62,5,REGULAR,REGULAR,EDGX,10247
SXTP,20250717 04:40:02.693000,0,1.57,3,1.62,5,REGULAR,REGULAR,EDGX,10247
SXTP,20250717 04:41:37.281000,0,1.57,3,1.62,4,REGULAR,REGULAR,EDGX,10247
SXTP,20250717 04:46:33.223000,0,1.57,3,1.62,5,REGULAR,REGULAR,EDGX,10247
SXTP,20250717 04:49:45.027000,0,1.6,3,1.66,1,REGULAR,REGULAR,PACF,10247
SXTP,20250717 04:49:45.027000,0,1.6,3,1.66,1,REGULAR,REGULAR,PACF,10247
SXTP,20250717 04:49:45.027000,0,1.6,3,1.66,1,REGULAR,REGULAR,PACF,10247
SXTP,20250717 04:49:45.027000,0,1.6,3,1.66,1,REGULAR,REGULAR,PACF,10247
SXTP,20250717 04:49:45.027000,0,1.6,3,1.66,1,REGULAR,REGULAR,PACF,10247
SXTP,20250717 04:49:45.027000,0,1.6,3,1.66,1,REGULAR,REGULAR,PACF,10247
SXTP,20250717 04:51:42.454000,0,1.62,1,1.75,7,REGULAR,REGULAR,PACF,10305
SXTP,20250717 04:51:42.454000,0,1.62,1,1.75,7,REGULAR,REGULAR,PACF,10305
SXTP,20250717 04:54:31.762000,0,1.63,1,1.75,7,REGULAR,REGULAR,PACF,10305
SXTP,20250717 04:54:53.147000,0,1.62,1,1.75,7,REGULAR,REGULAR,PACF,10305
SXTP,20250717 04:54:53.147000,0,1.62,1,1.75,7,REGULAR,REGULAR,PACF,10305
SXTP,20250717 04:54:53.147000,0,1.62,1,1.75,7,REGULAR,REGULAR,PACF,10305
SXTP,20250717 04:54:53.150000,0,1.62,1,1.66,1,REGULAR,REGULAR,PACF,10247
SXTP,20250717 04:54:53.150000,0,1.62,1,1.66,1,REGULAR,REGULAR,PACF,10247
SXTP,20250717 04:54:53.150000,0,1.62,1,1.66,1,REGULAR,REGULAR,PACF,10247
SXTP,20250717 04:54:53.153000,0,1.62,1,1.66,1,REGULAR,REGULAR,PACF,10247
SXTP,20250717 05:01:47.914000,0,1.62,1,1.67,1,REGULAR,REGULAR,PACF,10247
SXTP,20250717 05:03:30.190000,0,1.62,1,1.75,7,REGULAR,REGULAR,PACF,10305
SXTP,20250717 05:04:13.729000,0,1.63,2,1.75,7,REGULAR,REGULAR,EDGX,10305
SXTP,20250717 05:04:26.383000,0,1.63,1,1.75,7,REGULAR,REGULAR,EDGX,10305
SXTP,20250717 05:05:59.003000,0,1.62,1,1.63,1,REGULAR,REGULAR,PACF,10305
SXTP,20250717 05:05:59.003000,0,1.62,1,1.63,1,REGULAR,REGULAR,PACF,10305
SXTP,20250717 05:05:59.003000,0,1.62,1,1.63,1,REGULAR,REGULAR,PACF,10305
SXTP,20250717 05:05:59.003000,0,1.62,1,1.63,1,REGULAR,REGULAR,PACF,10305
SXTP,20250717 05:05:59.003000,0,1.62,1,1.63,1,REGULAR,REGULAR,PACF,10305
SXTP,20250717 05:10:23.797000,0,1.62,1,1.65,1,REGULAR,REGULAR,PACF,10305
SXTP,20250717 05:14:44.034000,0,1.63,1,1.69,1,REGULAR,REGULAR,PACF,10305
SXTP,20250717 05:14:44.036000,0,1.63,1,1.69,1,REGULAR,REGULAR,PACF,10305
SXTP,20250717 05:15:53.479000,0,1.63,1,1.69,1,REGULAR,REGULAR,PACF,10305
SXTP,20250717 05:18:04.762000,0,1.63,1,1.69,1,REGULAR,REGULAR,PACF,10305
SXTP,20250717 05:18:56.411000,0,1.63,1,1.65,1,REGULAR,REGULAR,PACF,10305
SXTP,20250717 05:18:56.411000,0,1.63,1,1.65,1,REGULAR,REGULAR,PACF,10305
SXTP,20250717 05:19:45.718000,0,1.63,1,1.65,1,REGULAR,REGULAR,PACF,10305
SXTP,20250717 05:23:47.302000,0,1.58,3,1.69,1,REGULAR,REGULAR,EDGX,10305
SXTP,20250717 05:28:38.446000,0,1.6,1,1.63,12,REGULAR,REGULAR,PACF,10247
SXTP,20250717 05:29:01.379000,0,1.59,1,1.6,15,REGULAR,REGULAR,PACF,10247
SXTP,20250717 05:29:01.380000,0,1.59,1,1.6,15,REGULAR,REGULAR,PACF,10247
SXTP,20250717 05:29:02.284000,0,1.59,1,1.6,14,REGULAR,REGULAR,PACF,10247
SXTP,20250717 05:29:02.285000,0,1.59,1,1.6,11,REGULAR,REGULAR,PACF,10247
SXTP,20250717 05:29:09.036000,0,1.58,4,1.59,12,REGULAR,REGULAR,PACF,10247
SXTP,20250717 05:29:09.036000,0,1.58,4,1.59,12,REGULAR,REGULAR,PACF,10247
SXTP,20250717 05:29:09.036000,0,1.58,4,1.59,12,REGULAR,REGULAR,PACF,10247
SXTP,20250717 05:29:16.248000,0,1.57,7,1.58,10,REGULAR,REGULAR,EDGX,10247
SXTP,20250717 05:29:16.248000,0,1.57,7,1.58,10,REGULAR,REGULAR,EDGX,10247
SXTP,20250717 05:29:16.248000,0,1.57,7,1.58,10,REGULAR,REGULAR,EDGX,10247
SXTP,20250717 05:29:16.248000,0,1.57,7,1.58,10,REGULAR,REGULAR,EDGX,10247
SXTP,20250717 05:29:16.248000,0,1.57,7,1.58,10,REGULAR,REGULAR,EDGX,10247
SXTP,20250717 05:29:16.248000,0,1.57,7,1.58,10,REGULAR,REGULAR,EDGX,10247
SXTP,20250717 05:29:16.248000,0,1.57,7,1.58,10,REGULAR,REGULAR,EDGX,10247
SXTP,20250717 05:29:17.488000,0,1.57,7,1.58,5,REGULAR,REGULAR,EDGX,10247
SXTP,20250717 05:29:23.614000,0,1.57,7,1.62,1,REGULAR,REGULAR,EDGX,10247
SXTP,20250717 05:31:06.046000,0,1.58,2,1.69,1,REGULAR,REGULAR,PACF,10305
SXTP,20250717 05:31:06.046000,0,1.58,2,1.69,1,REGULAR,REGULAR,PACF,10305
SXTP,20250717 05:34:57.851000,0,1.58,4,1.63,1,REGULAR,REGULAR,PACF,10241
SXTP,20250717 05:34:57.851000,0,1.58,4,1.63,1,REGULAR,REGULAR,PACF,10241
SXTP,20250717 05:34:57.851000,0,1.58,4,1.63,1,REGULAR,REGULAR,PACF,10241
SXTP,20250717 05:34:57.851000,0,1.58,4,1.63,1,REGULAR,REGULAR,PACF,10241
SXTP,20250717 05:34:57.851000,0,1.58,4,1.63,1,REGULAR,REGULAR,PACF,10241
SXTP,20250717 05:34:57.851000,0,1.58,4,1.63,1,REGULAR,REGULAR,PACF,10241
SXTP,20250717 05:34:57.852000,0,1.58,2,1.63,1,REGULAR,REGULAR,PACF,10241
SXTP,20250717 05:34:57.852000,0,1.58,2,1.63,1,REGULAR,REGULAR,PACF,10241
SXTP,20250717 05:34:57.852000,0,1.58,2,1.63,1,REGULAR,REGULAR,PACF,10241
SXTP,20250717 05:41:06.314000,0,1.58,3,1.59,6,REGULAR,REGULAR,EDGX,10305
SXTP,20250717 05:41:12.988000,0,1.58,3,1.63,1,REGULAR,REGULAR,EDGX,10247
SXTP,20250717 05:41:14.937000,0,1.58,3,1.63,1,REGULAR,REGULAR,EDGX,10247
SXTP,20250717 05:50:09.087000,0,1.58,3,1.65,1,REGULAR,REGULAR,EDGX,10241
SXTP,20250717 05:50:42.636000,0,1.58,3,1.65,1,REGULAR,REGULAR,EDGX,10241
SXTP,20250717 05:51:27.044000,0,1.59,1,1.65,1,REGULAR,REGULAR,PACF,10241
SXTP,20250717 05:52:45.038000,0,1.59,1,1.65,1,REGULAR,REGULAR,PACF,10241
SXTP,20250717 05:53:03.715000,0,1.59,1,1.65,1,REGULAR,REGULAR,PACF,10241
SXTP,20250717 05:53:03.716000,0,1.59,1,1.65,1,REGULAR,REGULAR,PACF,10241
SXTP,20250717 05:53:03.716000,0,1.59,1,1.65,1,REGULAR,REGULAR,PACF,10241
SXTP,20250717 06:14:33.349000,0,1.6,3,1.63,1,REGULAR,REGULAR,BATS,10247
SXTP,20250717 06:14:33.349000,0,1.6,3,1.63,1,REGULAR,REGULAR,BATS,10247
SXTP,20250717 06:14:45.365000,0,1.6,3,1.64,1,REGULAR,REGULAR,BATS,10313
SXTP,20250717 06:17:36.140000,0,1.6,3,1.62,1,REGULAR,REGULAR,BATS,10305
SXTP,20250717 06:17:38.951000,0,1.62,5,1.64,1,REGULAR,REGULAR,PACF,10313
SXTP,20250717 06:18:26.740000,0,1.62,4,1.64,1,REGULAR,REGULAR,PACF,10313
SXTP,20250717 06:18:26.740000,0,1.62,4,1.64,1,REGULAR,REGULAR,PACF,10313
SXTP,20250717 06:21:26.534000,0,1.6,3,1.64,1,REGULAR,REGULAR,BATS,10313
SXTP,20250717 06:23:48.065000,0,1.6,3,1.64,2,REGULAR,REGULAR,BATS,10313
SXTP,20250717 06:27:42.335000,0,1.62,1,1.64,2,REGULAR,REGULAR,PACF,10313
SXTP,20250717 06:27:42.337000,0,1.62,1,1.64,2,REGULAR,REGULAR,PACF,10313
SXTP,20250717 06:28:33.628000,0,1.6,3,1.64,2,REGULAR,REGULAR,BATS,10313
SXTP,20250717 06:28:33.628000,0,1.6,3,1.64,2,REGULAR,REGULAR,BATS,10313
SXTP,20250717 06:28:33.631000,0,1.62,1,1.64,2,REGULAR,REGULAR,PACF,10313
SXTP,20250717 06:28:58.523000,0,1.6,3,1.62,16,REGULAR,REGULAR,BATS,10247
SXTP,20250717 06:28:58.523000,0,1.6,3,1.62,16,REGULAR,REGULAR,BATS,10247
SXTP,20250717 06:28:58.523000,0,1.6,3,1.62,16,REGULAR,REGULAR,BATS,10247
SXTP,20250717 06:28:58.523000,0,1.6,3,1.62,16,REGULAR,REGULAR,BATS,10247
SXTP,20250717 06:28:58.523000,0,1.6,3,1.62,16,REGULAR,REGULAR,BATS,10247
SXTP,20250717 06:28:58.523000,0,1.6,3,1.62,16,REGULAR,REGULAR,BATS,10247
SXTP,20250717 06:29:45.704000,0,1.6,3,1.62,15,REGULAR,REGULAR,BATS,10247
SXTP,20250717 06:32:33.745000,0,1.6,3,1.62,15,REGULAR,REGULAR,BATS,10247
SXTP,20250717 06:33:13.602000,0,1.6,3,1.62,14,REGULAR,REGULAR,BATS,10247
SXTP,20250717 06:33:32.408000,0,1.6,3,1.62,10,REGULAR,REGULAR,BATS,10247
SXTP,20250717 06:33:32.410000,0,1.6,3,1.62,10,REGULAR,REGULAR,BATS,10247
SXTP,20250717 06:33:32.418000,0,1.6,2,1.61,2,REGULAR,REGULAR,BATS,10247
SXTP,20250717 06:33:53.886000,0,1.59,1,1.61,2,REGULAR,REGULAR,PACF,10313
SXTP,20250717 06:33:53.886000,0,1.59,1,1.61,2,REGULAR,REGULAR,PACF,10313
SXTP,20250717 06:33:54.954000,0,1.59,1,1.61,2,REGULAR,REGULAR,PACF,10313
SXTP,20250717 06:34:13.456000,0,1.59,1,1.66,1,REGULAR,REGULAR,PACF,10247
SXTP,20250717 06:34:13.456000,0,1.59,1,1.66,1,REGULAR,REGULAR,PACF,10247
SXTP,20250717 06:39:44.778000,0,1.59,1,1.69,1,REGULAR,REGULAR,PACF,10247
SXTP,20250717 06:39:44.779000,0,1.59,1,1.69,1,REGULAR,REGULAR,PACF,10247
SXTP,20250717 06:39:44.783000,0,1.59,1,1.69,1,REGULAR,REGULAR,PACF,10247
SXTP,20250717 06:39:46.942000,0,1.59,1,1.7,12,REGULAR,REGULAR,PACF,10247
SXTP,20250717 06:39:57.566000,0,1.59,1,1.7,12,REGULAR,REGULAR,PACF,10247
SXTP,20250717 06:40:48.636000,0,1.59,1,1.7,12,REGULAR,REGULAR,PACF,10247
SXTP,20250717 06:41:52.156000,0,1.59,1,1.7,12,REGULAR,REGULAR,PACF,10247
SXTP,20250717 06:41:55.517000,0,1.59,1,1.7,12,REGULAR,REGULAR,PACF,10247
SXTP,20250717 06:45:40.376000,0,1.59,1,1.7,12,REGULAR,REGULAR,PACF,10247
SXTP,20250717 06:45:40.378000,0,1.59,1,1.7,12,REGULAR,REGULAR,PACF,10247
SXTP,20250717 06:52:23.559000,0,1.59,1,1.7,12,REGULAR,REGULAR,PACF,10247
SXTP,20250717 06:57:27.421000,0,1.59,1,1.7,12,REGULAR,REGULAR,PACF,10247
SXTP,20250717 06:59:30.393000,0,1.59,1,1.7,12,REGULAR,REGULAR,PACF,10247
SXTP,20250717 07:00:00.108000,0,1.59,1,1.7,12,REGULAR,REGULAR,PACF,10247
SXTP,20250717 07:00:07.624000,0,1.59,1,1.7,12,REGULAR,REGULAR,PACF,10247
SXTP,20250717 07:00:55.230000,0,1.62,2,1.7,12,REGULAR,REGULAR,PACF,10247
SXTP,20250717 07:00:55.230000,0,1.62,2,1.7,12,REGULAR,REGULAR,PACF,10247
SXTP,20250717 07:01:41.398000,0,1.62,2,1.7,12,REGULAR,REGULAR,PACF,10247
SXTP,20250717 07:02:34.444000,0,1.62,2,1.7,12,REGULAR,REGULAR,PACF,10247
SXTP,20250717 07:03:18.642000,0,1.62,2,1.7,11,REGULAR,REGULAR,PACF,10247
SXTP,20250717 07:03:18.642000,0,1.62,2,1.7,11,REGULAR,REGULAR,PACF,10247
SXTP,20250717 07:03:18.643000,0,1.65,1,1.7,11,REGULAR,REGULAR,PACF,10247
SXTP,20250717 07:03:18.643000,0,1.65,1,1.7,11,REGULAR,REGULAR,PACF,10247
SXTP,20250717 07:03:28.435000,0,1.62,2,1.7,11,REGULAR,REGULAR,PACF,10247
SXTP,20250717 07:03:28.435000,0,1.62,2,1.7,11,REGULAR,REGULAR,PACF,10247
SXTP,20250717 07:03:56.626000,0,1.62,2,1.7,11,REGULAR,REGULAR,PACF,10247
SXTP,20250717 07:04:27.438000,0,1.65,1,1.66,4,REGULAR,REGULAR,PACF,10247
SXTP,20250717 07:04:34.730000,0,1.62,2,1.65,1,REGULAR,REGULAR,PACF,10247
SXTP,20250717 07:04:37.920000,0,1.62,2,1.66,4,REGULAR,REGULAR,PACF,10247
SXTP,20250717 07:04:39.165000,0,1.62,2,1.66,1,REGULAR,REGULAR,PACF,10241
SXTP,20250717 07:05:30.167000,0,1.62,22,1.66,3,REGULAR,REGULAR,PACF,10247
SXTP,20250717 07:06:27.094000,0,1.62,22,1.66,3,REGULAR,REGULAR,PACF,10247
SXTP,20250717 07:08:23.580000,0,1.62,22,1.66,3,REGULAR,REGULAR,PACF,10247
SXTP,20250717 07:08:23.580000,0,1.62,22,1.66,3,REGULAR,REGULAR,PACF,10247
SXTP,20250717 07:08:44.453000,0,1.62,22,1.66,2,REGULAR,REGULAR,PACF,10247
SXTP,20250717 07:08:44.453000,0,1.62,22,1.66,2,REGULAR,REGULAR,PACF,10247
SXTP,20250717 07:08:44.453000,0,1.62,22,1.66,2,REGULAR,REGULAR,PACF,10247
SXTP,20250717 07:08:44.453000,0,1.62,22,1.66,2,REGULAR,REGULAR,PACF,10247
SXTP,20250717 07:08:44.453000,0,1.62,22,1.66,2,REGULAR,REGULAR,PACF,10247
SXTP,20250717 07:08:44.454000,0,1.64,1,1.7,11,REGULAR,REGULAR,PACF,10247
SXTP,20250717 07:08:44.454000,0,1.64,1,1.7,11,REGULAR,REGULAR,PACF,10247
SXTP,20250717 07:08:44.455000,0,1.68,12,1.7,11,REGULAR,REGULAR,EDGX,10247
SXTP,20250717 07:08:47.378000,0,1.64,1,1.69,1,REGULAR,REGULAR,PACF,10247
SXTP,20250717 07:08:47.378000,0,1.64,1,1.69,1,REGULAR,REGULAR,PACF,10247
SXTP,20250717 07:12:05.802000,0,1.64,10,1.7,11,REGULAR,REGULAR,NQEX,10247
SXTP,20250717 07:12:12.477000,0,1.64,10,1.7,11,REGULAR,REGULAR,NQEX,10247
SXTP,20250717 07:14:39.880000,0,1.64,20,1.66,8,REGULAR,REGULAR,PACF,10247
SXTP,20250717 07:14:39.880000,0,1.64,20,1.66,8,REGULAR,REGULAR,PACF,10247
SXTP,20250717 07:14:41.094000,0,1.64,20,1.66,1,REGULAR,REGULAR,PACF,10313
SXTP,20250717 07:15:23.466000,0,1.64,20,1.7,11,REGULAR,REGULAR,PACF,10247
SXTP,20250717 07:15:23.466000,0,1.64,20,1.7,11,REGULAR,REGULAR,PACF,10247
SXTP,20250717 07:15:57.039000,0,1.65,2,1.7,11,REGULAR,REGULAR,PACF,10247
SXTP,20250717 07:15:57.039000,0,1.65,2,1.7,11,REGULAR,REGULAR,PACF,10247
SXTP,20250717 07:16:27.487000,0,1.65,2,1.7,11,REGULAR,REGULAR,PACF,10247
SXTP,20250717 07:17:02.628000,0,1.65,20,1.7,11,REGULAR,REGULAR,PACF,10247
SXTP,20250717 07:21:20.749000,0,1.64,10,1.7,11,REGULAR,REGULAR,MEMX,10247
SXTP,20250717 07:22:40.826000,0,1.64,10,1.7,11,REGULAR,REGULAR,NQEX,10247
SXTP,20250717 07:27:04.820000,0,1.64,10,1.7,11,REGULAR,REGULAR,MEMX,10247
SXTP,20250717 07:28:58.818000,0,1.64,10,1.7,11,REGULAR,REGULAR,MEMX,10247
SXTP,20250717 07:32:13.035000,0,1.65,1,1.7,11,REGULAR,REGULAR,PACF,10247
SXTP,20250717 07:32:13.035000,0,1.65,1,1.7,11,REGULAR,REGULAR,PACF,10247
SXTP,20250717 07:42:53.164000,0,1.64,10,1.69,2,REGULAR,REGULAR,MEMX,10300
SXTP,20250717 07:42:53.164000,0,1.64,10,1.69,2,REGULAR,REGULAR,MEMX,10300
SXTP,20250717 07:42:53.165000,0,1.66,1,1.69,2,REGULAR,REGULAR,PACF,10300
SXTP,20250717 07:42:53.165000,0,1.66,1,1.69,2,REGULAR,REGULAR,PACF,10300
SXTP,20250717 07:42:53.165000,0,1.66,1,1.69,2,REGULAR,REGULAR,PACF,10300
SXTP,20250717 07:42:53.165000,0,1.66,1,1.69,2,REGULAR,REGULAR,PACF,10300
SXTP,20250717 07:42:53.166000,0,1.65,1,1.69,2,REGULAR,REGULAR,PACF,10300
SXTP,20250717 07:42:53.166000,0,1.65,1,1.69,2,REGULAR,REGULAR,PACF,10300
SXTP,20250717 07:49:26.087000,0,1.68,2,1.69,2,REGULAR,REGULAR,PACF,10300
SXTP,20250717 07:50:46.994000,0,1.68,2,1.69,2,REGULAR,REGULAR,PACF,10300
SXTP,20250717 07:56:48.155000,0,1.68,2,1.69,2,REGULAR,REGULAR,PACF,10300
SXTP,20250717 08:00:00.105000,0,1.68,2,1.69,2,REGULAR,REGULAR,PACF,10300
SXTP,20250717 08:00:00.126000,0,1.68,2,1.69,2,REGULAR,REGULAR,PACF,10300
SXTP,20250717 08:00:00.325000,0,1.68,2,1.69,2,REGULAR,REGULAR,PACF,10300
SXTP,20250717 08:00:00.515000,0,1.68,2,1.69,2,REGULAR,REGULAR,PACF,10300
SXTP,20250717 08:00:00.570000,0,1.68,2,1.69,2,REGULAR,REGULAR,PACF,10300
SXTP,20250717 08:00:00.580000,0,1.68,2,1.69,2,REGULAR,REGULAR,PACF,10300
SXTP,20250717 08:00:00.747000,0,1.68,2,1.69,2,REGULAR,REGULAR,PACF,10300
SXTP,20250717 08:00:00.821000,0,1.68,2,1.69,2,REGULAR,REGULAR,PACF,10300
SXTP,20250717 08:00:00.957000,0,1.68,2,1.69,2,REGULAR,REGULAR,PACF,10300
SXTP,20250717 08:00:01.240000,0,1.68,2,1.69,2,REGULAR,REGULAR,PACF,10300
SXTP,20250717 08:00:01.388000,0,1.68,2,1.69,2,REGULAR,REGULAR,PACF,10300
SXTP,20250717 08:00:01.449000,0,1.68,2,1.69,2,REGULAR,REGULAR,PACF,10300
SXTP,20250717 08:00:01.551000,0,1.68,2,1.69,2,REGULAR,REGULAR,PACF,10300
SXTP,20250717 08:00:01.861000,0,1.68,2,1.69,2,REGULAR,REGULAR,PACF,10300
SXTP,20250717 08:00:01.867000,0,1.68,2,1.69,2,REGULAR,REGULAR,PACF,10300
SXTP,20250717 08:00:01.940000,0,1.68,2,1.69,2,REGULAR,REGULAR,PACF,10300
SXTP,20250717 08:00:02.255000,0,1.68,2,1.69,2,REGULAR,REGULAR,PACF,10300
SXTP,20250717 08:00:02.561000,0,1.68,2,1.69,2,REGULAR,REGULAR,PACF,10300
SXTP,20250717 08:00:02.660000,0,1.68,2,1.69,2,REGULAR,REGULAR,PACF,10300
SXTP,20250717 08:00:02.971000,0,1.68,2,1.69,2,REGULAR,REGULAR,PACF,10300
SXTP,20250717 08:00:03.426000,0,1.68,2,1.69,2,REGULAR,REGULAR,PACF,10300
SXTP,20250717 08:00:03.730000,0,1.68,2,1.69,2,REGULAR,REGULAR,PACF,10300
SXTP,20250717 08:00:03.783000,0,1.68,2,1.69,2,REGULAR,REGULAR,PACF,10300
SXTP,20250717 08:00:03.959000,0,1.68,2,1.69,2,REGULAR,REGULAR,PACF,10300
SXTP,20250717 08:00:04.092000,0,1.68,2,1.69,2,REGULAR,REGULAR,PACF,10300
SXTP,20250717 08:00:04.130000,0,1.68,2,1.69,2,REGULAR,REGULAR,PACF,10300
SXTP,20250717 08:00:04.160000,0,1.68,2,1.69,2,REGULAR,REGULAR,PACF,10300
SXTP,20250717 08:00:04.410000,0,1.68,2,1.69,2,REGULAR,REGULAR,PACF,10300
SXTP,20250717 08:00:05.111000,0,1.68,2,1.69,2,REGULAR,REGULAR,PACF,10300
SXTP,20250717 08:00:05.690000,0,1.68,2,1.69,2,REGULAR,REGULAR,PACF,10300
SXTP,20250717 08:00:05.760000,0,1.68,2,1.69,2,REGULAR,REGULAR,PACF,10300
SXTP,20250717 08:00:05.870000,0,1.68,2,1.69,2,REGULAR,REGULAR,PACF,10300
SXTP,20250717 08:00:06.310000,0,1.68,2,1.69,2,REGULAR,REGULAR,PACF,10300
SXTP,20250717 08:00:06.818000,0,1.68,2,1.69,2,REGULAR,REGULAR,PACF,10300
SXTP,20250717 08:00:06.831000,0,1.68,2,1.69,2,REGULAR,REGULAR,PACF,10300
SXTP,20250717 08:00:06.842000,0,1.68,2,1.69,2,REGULAR,REGULAR,PACF,10300
SXTP,20250717 08:00:06.940000,0,1.68,2,1.69,2,REGULAR,REGULAR,PACF,10300
SXTP,20250717 08:00:07.360000,0,1.68,2,1.69,2,REGULAR,REGULAR,PACF,10300
SXTP,20250717 08:00:07.558000,0,1.68,2,1.69,2,REGULAR,REGULAR,PACF,10300
SXTP,20250717 08:00:07.801000,0,1.68,2,1.69,2,REGULAR,REGULAR,PACF,10300
SXTP,20250717 08:00:07.893000,0,1.68,2,1.69,2,REGULAR,REGULAR,PACF,10300
SXTP,20250717 08:00:09.440000,0,1.68,2,1.69,2,REGULAR,REGULAR,PACF,10300
SXTP,20250717 08:00:09.470000,0,1.68,2,1.69,2,REGULAR,REGULAR,PACF,10300
SXTP,20250717 08:00:10.350000,0,1.68,2,1.69,2,REGULAR,REGULAR,PACF,10300
SXTP,20250717 08:00:10.876000,0,1.68,2,1.69,2,REGULAR,REGULAR,PACF,10300
SXTP,20250717 08:00:10.941000,0,1.68,2,1.69,2,REGULAR,REGULAR,PACF,10300
SXTP,20250717 08:00:11.230000,0,1.68,2,1.69,2,REGULAR,REGULAR,PACF,10300
SXTP,20250717 08:00:13.210000,0,1.68,2,1.69,2,REGULAR,REGULAR,PACF,10300
SXTP,20250717 08:00:15.310000,0,1.68,2,1.69,2,REGULAR,REGULAR,PACF,10300
SXTP,20250717 08:00:15.750000,0,1.68,2,1.69,2,REGULAR,REGULAR,PACF,10300
SXTP,20250717 08:00:17.230000,0,1.68,2,1.69,2,REGULAR,REGULAR,PACF,10300
SXTP,20250717 08:00:17.690000,0,1.68,2,1.69,2,REGULAR,REGULAR,PACF,10300
SXTP,20250717 08:00:18.295000,0,1.68,2,1.69,2,REGULAR,REGULAR,PACF,10300
SXTP,20250717 08:00:18.640000,0,1.68,2,1.69,2,REGULAR,REGULAR,PACF,10300
SXTP,20250717 08:00:20.570000,0,1.68,2,1.69,2,REGULAR,REGULAR,PACF,10300
SXTP,20250717 08:00:20.890000,0,1.68,2,1.69,2,REGULAR,REGULAR,PACF,10300
SXTP,20250717 08:00:20.920000,0,1.68,2,1.69,2,REGULAR,REGULAR,PACF,10300
SXTP,20250717 08:00:20.930000,0,1.68,2,1.69,2,REGULAR,REGULAR,PACF,10300
SXTP,20250717 08:00:23.397000,0,1.68,2,1.69,2,REGULAR,REGULAR,PACF,10300
SXTP,20250717 08:00:32.308000,0,1.66,90,1.69,2,REGULAR,REGULAR,MEMX,10300
SXTP,20250717 08:00:32.309000,0,1.66,90,1.69,4,REGULAR,REGULAR,MEMX,10247
SXTP,20250717 08:00:32.309000,0,1.66,90,1.69,4,REGULAR,REGULAR,MEMX,10247
SXTP,20250717 08:00:32.310000,0,1.66,90,1.69,4,REGULAR,REGULAR,MEMX,10247
SXTP,20250717 08:00:32.311000,0,1.66,87,1.69,4,REGULAR,REGULAR,MEMX,10247
SXTP,20250717 08:00:32.311000,0,1.66,87,1.69,4,REGULAR,REGULAR,MEMX,10247
SXTP,20250717 08:00:32.312000,0,1.66,87,1.67,3,REGULAR,REGULAR,MEMX,10247
SXTP,20250717 08:00:32.393000,0,1.66,87,1.67,2,REGULAR,REGULAR,MEMX,10247
SXTP,20250717 08:01:10.088000,0,1.66,87,1.69,2,REGULAR,REGULAR,MEMX,10300
SXTP,20250717 08:01:12.189000,0,1.66,87,1.69,2,REGULAR,REGULAR,MEMX,10300
SXTP,20250717 08:01:12.518000,0,1.66,87,1.69,2,REGULAR,REGULAR,MEMX,10300
SXTP,20250717 08:01:12.520000,0,1.66,87,1.7,4,REGULAR,REGULAR,MEMX,10247
SXTP,20250717 08:01:12.521000,0,1.67,2,1.72,1,REGULAR,REGULAR,PACF,10305
SXTP,20250717 08:01:12.521000,0,1.67,2,1.72,1,REGULAR,REGULAR,PACF,10305
SXTP,20250717 08:01:12.521000,0,1.67,2,1.72,1,REGULAR,REGULAR,PACF,10305
SXTP,20250717 08:01:12.521000,0,1.67,2,1.72,1,REGULAR,REGULAR,PACF,10305
SXTP,20250717 08:01:12.521000,0,1.67,2,1.72,1,REGULAR,REGULAR,PACF,10305
SXTP,20250717 08:01:12.521000,0,1.67,2,1.72,1,REGULAR,REGULAR,PACF,10305
SXTP,20250717 08:01:12.521000,0,1.67,2,1.72,1,REGULAR,REGULAR,PACF,10305
SXTP,20250717 08:01:12.521000,0,1.67,2,1.72,1,REGULAR,REGULAR,PACF,10305
SXTP,20250717 08:01:12.522000,0,1.7,1,1.72,1,REGULAR,REGULAR,NQEX,10313
SXTP,20250717 08:01:12.522000,0,1.7,1,1.72,1,REGULAR,REGULAR,NQEX,10313
SXTP,20250717 08:01:12.522000,0,1.7,1,1.72,1,REGULAR,REGULAR,NQEX,10313
SXTP,20250717 08:01:12.526000,0,1.7,1,1.79,3,REGULAR,REGULAR,NQEX,10247
SXTP,20250717 08:01:12.526000,0,1.7,1,1.79,3,REGULAR,REGULAR,NQEX,10247
SXTP,20250717 08:01:12.532000,0,1.69,2,1.79,3,REGULAR,REGULAR,PACF,10247
SXTP,20250717 08:01:12.533000,0,1.73,1,1.79,2,REGULAR,REGULAR,PACF,10247
SXTP,20250717 08:01:12.533000,0,1.73,1,1.79,2,REGULAR,REGULAR,PACF,10247
SXTP,20250717 08:01:13.272000,0,1.72,1,1.79,2,REGULAR,REGULAR,NQEX,10247
SXTP,20250717 08:01:13.274000,0,1.73,1,1.79,2,REGULAR,REGULAR,NYSE,10247
SXTP,20250717 08:01:13.274000,0,1.73,1,1.79,2,REGULAR,REGULAR,NYSE,10247
SXTP,20250717 08:01:13.279000,0,1.76,1,1.8,37,REGULAR,REGULAR,NQEX,10247
SXTP,20250717 08:01:13.279000,0,1.76,1,1.8,37,REGULAR,REGULAR,NQEX,10247
SXTP,20250717 08:01:13.279000,0,1.76,1,1.8,37,REGULAR,REGULAR,NQEX,10247
SXTP,20250717 08:01:13.282000,0,1.76,1,1.8,29,REGULAR,REGULAR,NQEX,10247
SXTP,20250717 08:01:13.282000,0,1.76,1,1.8,29,REGULAR,REGULAR,NQEX,10247
SXTP,20250717 08:01:13.287000,0,1.76,1,1.8,25,REGULAR,REGULAR,NQEX,10247
SXTP,20250717 08:01:13.289000,0,1.74,2,1.79,1,REGULAR,REGULAR,PACF,10241
SXTP,20250717 08:01:13.392000,0,1.74,1,1.8,25,REGULAR,REGULAR,NQEX,10247
SXTP,20250717 08:01:13.392000,0,1.74,1,1.8,25,REGULAR,REGULAR,NQEX,10247
SXTP,20250717 08:01:13.394000,0,1.77,1,1.8,25,REGULAR,REGULAR,NQEX,10247
SXTP,20250717 08:01:13.397000,0,1.77,1,1.8,13,REGULAR,REGULAR,NQEX,10247
SXTP,20250717 08:01:13.397000,0,1.77,1,1.8,13,REGULAR,REGULAR,NQEX,10247
SXTP,20250717 08:01:13.403000,0,1.77,1,1.8,13,REGULAR,REGULAR,NQEX,10247
SXTP,20250717 08:01:13.544000,0,1.67,1,1.77,1,REGULAR,REGULAR,PACF,10241
SXTP,20250717 08:01:13.544000,0,1.67,1,1.77,1,REGULAR,REGULAR,PACF,10241
SXTP,20250717 08:01:14.863000,0,1.66,87,1.79,1,REGULAR,REGULAR,MEMX,10247
SXTP,20250717 08:01:14.863000,0,1.66,87,1.79,1,REGULAR,REGULAR,MEMX,10247
SXTP,20250717 08:01:14.863000,0,1.66,87,1.79,1,REGULAR,REGULAR,MEMX,10247
SXTP,20250717 08:01:14.863000,0,1.66,87,1.79,1,REGULAR,REGULAR,MEMX,10247
SXTP,20250717 08:01:14.865000,0,1.75,1,1.8,7,REGULAR,REGULAR,NQEX,10247
SXTP,20250717 08:01:14.865000,0,1.75,1,1.8,7,REGULAR,REGULAR,NQEX,10247
SXTP,20250717 08:01:14.865000,0,1.75,1,1.8,7,REGULAR,REGULAR,NQEX,10247
SXTP,20250717 08:01:14.865000,0,1.75,1,1.8,7,REGULAR,REGULAR,NQEX,10247
SXTP,20250717 08:01:14.865000,0,1.75,1,1.8,7,REGULAR,REGULAR,NQEX,10247
SXTP,20250717 08:01:15.753000,0,1.67,1,1.8,7,REGULAR,REGULAR,PACF,10247
SXTP,20250717 08:01:15.755000,0,1.66,87,1.74,2,REGULAR,REGULAR,MEMX,10313
SXTP,20250717 08:01:15.755000,0,1.66,87,1.74,2,REGULAR,REGULAR,MEMX,10313
SXTP,20250717 08:01:15.756000,0,1.71,1,1.74,1,REGULAR,REGULAR,NQEX,10241
SXTP,20250717 08:01:15.756000,0,1.71,1,1.74,1,REGULAR,REGULAR,NQEX,10241
SXTP,20250717 08:01:15.787000,0,1.71,1,1.78,1,REGULAR,REGULAR,PACF,10247
SXTP,20250717 08:01:16.176000,0,1.67,1,1.79,1,REGULAR,REGULAR,PACF,10247
SXTP,20250717 08:01:16.203000,0,1.67,1,1.79,1,REGULAR,REGULAR,PACF,10247
SXTP,20250717 08:01:16.205000,0,1.66,87,1.72,1,REGULAR,REGULAR,MEMX,10241
SXTP,20250717 08:01:16.205000,0,1.66,87,1.72,1,REGULAR,REGULAR,MEMX,10241
SXTP,20250717 08:01:16.347000,0,1.7,1,1.76,1,REGULAR,REGULAR,NQEX,10247
SXTP,20250717 08:01:16.347000,0,1.7,1,1.76,1,REGULAR,REGULAR,NQEX,10247
SXTP,20250717 08:01:16.347000,0,1.7,1,1.76,1,REGULAR,REGULAR,NQEX,10247
SXTP,20250717 08:01:17.327000,0,1.66,87,1.8,7,REGULAR,REGULAR,MEMX,10247
SXTP,20250717 08:01:17.329000,0,1.66,87,1.8,7,REGULAR,REGULAR,MEMX,10247
SXTP,20250717 08:01:17.942000,0,1.66,87,1.8,7,REGULAR,REGULAR,MEMX,10247
SXTP,20250717 08:01:17.943000,0,1.66,87,1.8,7,REGULAR,REGULAR,MEMX,10247
SXTP,20250717 08:01:17.984000,0,1.66,87,1.8,7,REGULAR,REGULAR,MEMX,10247
SXTP,20250717 08:01:17.984000,0,1.66,87,1.8,7,REGULAR,REGULAR,MEMX,10247
SXTP,20250717 08:01:17.984000,0,1.66,87,1.8,7,REGULAR,REGULAR,MEMX,10247
SXTP,20250717 08:01:17.984000,0,1.66,87,1.8,7,REGULAR,REGULAR,MEMX,10247
SXTP,20250717 08:01:17.985000,0,1.75,1,1.8,7,REGULAR,REGULAR,PACF,10247
SXTP,20250717 08:01:17.985000,0,1.75,1,1.8,7,REGULAR,REGULAR,PACF,10247
SXTP,20250717 08:01:17.985000,0,1.75,1,1.8,7,REGULAR,REGULAR,PACF,10247
SXTP,20250717 08:01:17.985000,0,1.75,1,1.8,7,REGULAR,REGULAR,PACF,10247
SXTP,20250717 08:01:17.985000,0,1.75,1,1.8,7,REGULAR,REGULAR,PACF,10247
SXTP,20250717 08:01:17.986000,0,1.78,1,1.83,20,REGULAR,REGULAR,NQEX,10241
SXTP,20250717 08:01:17.986000,0,1.78,1,1.83,20,REGULAR,REGULAR,NQEX,10241
SXTP,20250717 08:01:17.986000,0,1.78,1,1.83,20,REGULAR,REGULAR,NQEX,10241
SXTP,20250717 08:01:17.986000,0,1.78,1,1.83,20,REGULAR,REGULAR,NQEX,10241
SXTP,20250717 08:01:17.986000,0,1.78,1,1.83,20,REGULAR,REGULAR,NQEX,10241
SXTP,20250717 08:01:17.986000,0,1.78,1,1.83,20,REGULAR,REGULAR,NQEX,10241
SXTP,20250717 08:01:17.986000,0,1.78,1,1.83,20,REGULAR,REGULAR,NQEX,10241
SXTP,20250717 08:01:17.986000,0,1.78,1,1.83,20,REGULAR,REGULAR,NQEX,10241
SXTP,20250717 08:01:17.986000,0,1.78,1,1.83,20,REGULAR,REGULAR,NQEX,10241
SXTP,20250717 08:01:17.986000,0,1.78,1,1.83,20,REGULAR,REGULAR,NQEX,10241
SXTP,20250717 08:01:17.986000,0,1.78,1,1.83,20,REGULAR,REGULAR,NQEX,10241
SXTP,20250717 08:01:17.987000,0,1.78,1,1.83,20,REGULAR,REGULAR,NQEX,10241
SXTP,20250717 08:01:17.988000,0,1.8,1,1.83,20,REGULAR,REGULAR,NQEX,10241
SXTP,20250717 08:01:17.988000,0,1.8,1,1.83,20,REGULAR,REGULAR,NQEX,10241
SXTP,20250717 08:01:17.996000,0,1.82,21,1.83,20,REGULAR,REGULAR,MEMX,10241
SXTP,20250717 08:01:19.035000,0,1.82,71,1.83,20,REGULAR,REGULAR,MEMX,10241
SXTP,20250717 08:01:20.374000,0,1.82,71,1.83,20,REGULAR,REGULAR,MEMX,10241
SXTP,20250717 08:01:20.375000,0,1.82,65,1.83,20,REGULAR,REGULAR,MEMX,10241
SXTP,20250717 08:01:21.172000,0,1.82,65,1.83,15,REGULAR,REGULAR,MEMX,10241
SXTP,20250717 08:01:21.172000,0,1.82,65,1.83,15,REGULAR,REGULAR,MEMX,10241
SXTP,20250717 08:01:21.377000,0,1.82,65,1.83,10,REGULAR,REGULAR,MEMX,10241
SXTP,20250717 08:01:21.377000,0,1.82,65,1.83,10,REGULAR,REGULAR,MEMX,10241
SXTP,20250717 08:01:21.379000,0,1.82,64,1.83,10,REGULAR,REGULAR,MEMX,10241
SXTP,20250717 08:01:21.393000,0,1.82,64,1.83,10,REGULAR,REGULAR,MEMX,10241
SXTP,20250717 08:01:21.806000,0,1.82,64,1.83,10,REGULAR,REGULAR,MEMX,10241
SXTP,20250717 08:01:21.806000,0,1.82,64,1.83,10,REGULAR,REGULAR,MEMX,10241
SXTP,20250717 08:01:21.806000,0,1.82,64,1.83,10,REGULAR,REGULAR,MEMX,10241
SXTP,20250717 08:01:21.962000,0,1.82,64,1.83,10,REGULAR,REGULAR,MEMX,10241
SXTP,20250717 08:01:21.962000,0,1.82,64,1.83,10,REGULAR,REGULAR,MEMX,10241
SXTP,20250717 08:01:21.962000,0,1.82,64,1.83,10,REGULAR,REGULAR,MEMX,10241
SXTP,20250717 08:01:21.963000,0,1.82,64,1.83,10,REGULAR,REGULAR,MEMX,10241
SXTP,20250717 08:01:22.591000,0,1.82,64,1.83,10,REGULAR,REGULAR,MEMX,10241
SXTP,20250717 08:01:22.645000,0,1.82,64,1.83,10,REGULAR,REGULAR,MEMX,10241
SXTP,20250717 08:01:22.713000,0,1.82,64,1.83,7,REGULAR,REGULAR,MEMX,10241
SXTP,20250717 08:01:22.713000,0,1.82,64,1.83,7,REGULAR,REGULAR,MEMX,10241
SXTP,20250717 08:01:23.033000,0,1.82,64,1.83,7,REGULAR,REGULAR,MEMX,10241
SXTP,20250717 08:01:23.033000,0,1.82,64,1.83,7,REGULAR,REGULAR,MEMX,10241
SXTP,20250717 08:01:23.033000,0,1.82,64,1.83,7,REGULAR,REGULAR,MEMX,10241
SXTP,20250717 08:01:23.033000,0,1.82,64,1.83,7,REGULAR,REGULAR,MEMX,10241
SXTP,20250717 08:01:23.034000,0,1.82,64,1.83,7,REGULAR,REGULAR,MEMX,10241
SXTP,20250717 08:01:23.034000,0,1.82,64,1.83,7,REGULAR,REGULAR,MEMX,10241
SXTP,20250717 08:01:23.515000,0,1.82,64,1.83,6,REGULAR,REGULAR,MEMX,10241
SXTP,20250717 08:01:24.896000,0,1.82,64,1.85,20,REGULAR,REGULAR,MEMX,10247
SXTP,20250717 08:01:24.896000,0,1.82,64,1.85,20,REGULAR,REGULAR,MEMX,10247
SXTP,20250717 08:01:24.897000,0,1.83,2,1.85,20,REGULAR,REGULAR,MEMX,10247
SXTP,20250717 08:01:25.834000,0,1.83,10,1.85,20,REGULAR,REGULAR,NQEX,10247
SXTP,20250717 08:01:25.834000,0,1.83,10,1.85,20,REGULAR,REGULAR,NQEX,10247
SXTP,20250717 08:01:26.574000,0,1.83,2,1.85,20,REGULAR,REGULAR,MEMX,10247
SXTP,20250717 08:01:28.723000,0,1.83,4,1.85,20,REGULAR,REGULAR,PACF,10247
SXTP,20250717 08:01:28.724000,0,1.83,4,1.85,20,REGULAR,REGULAR,PACF,10247
SXTP,20250717 08:01:28.725000,0,1.83,4,1.85,20,REGULAR,REGULAR,PACF,10247
SXTP,20250717 08:01:29.126000,0,1.83,5,1.85,20,REGULAR,REGULAR,PACF,10247
SXTP,20250717 08:01:29.126000,0,1.83,5,1.85,20,REGULAR,REGULAR,PACF,10247
SXTP,20250717 08:01:29.127000,0,1.83,5,1.85,20,REGULAR,REGULAR,PACF,10247
SXTP,20250717 08:01:29.128000,0,1.83,5,1.85,20,REGULAR,REGULAR,PACF,10247
SXTP,20250717 08:01:29.128000,0,1.83,5,1.85,20,REGULAR,REGULAR,PACF,10247
SXTP,20250717 08:01:29.273000,0,1.83,5,1.85,20,REGULAR,REGULAR,PACF,10247
SXTP,20250717 08:01:30.040000,0,1.83,5,1.85,20,REGULAR,REGULAR,PACF,10247
SXTP,20250717 08:01:30.187000,0,1.84,3,1.87,20,REGULAR,REGULAR,PACF,10305
SXTP,20250717 08:01:30.187000,0,1.84,3,1.87,20,REGULAR,REGULAR,PACF,10305
SXTP,20250717 08:01:30.187000,0,1.84,3,1.87,20,REGULAR,REGULAR,PACF,10305
SXTP,20250717 08:01:30.187000,0,1.84,3,1.87,20,REGULAR,REGULAR,PACF,10305
SXTP,20250717 08:01:30.187000,0,1.84,3,1.87,20,REGULAR,REGULAR,PACF,10305
SXTP,20250717 08:01:30.187000,0,1.84,3,1.87,20,REGULAR,REGULAR,PACF,10305
SXTP,20250717 08:01:30.188000,0,1.84,3,1.87,7,REGULAR,REGULAR,PACF,10305
SXTP,20250717 08:01:30.188000,0,1.84,3,1.87,7,REGULAR,REGULAR,PACF,10305
SXTP,20250717 08:01:30.188000,0,1.84,3,1.87,7,REGULAR,REGULAR,PACF,10305
SXTP,20250717 08:01:30.188000,0,1.84,3,1.87,7,REGULAR,REGULAR,PACF,10305
SXTP,20250717 08:01:30.189000,0,1.84,3,1.87,5,REGULAR,REGULAR,PACF,10247
SXTP,20250717 08:01:30.490000,0,1.84,3,1.87,5,REGULAR,REGULAR,PACF,10247
SXTP,20250717 08:01:30.491000,0,1.84,3,1.87,5,REGULAR,REGULAR,PACF,10247
SXTP,20250717 08:01:30.491000,0,1.84,3,1.87,5,REGULAR,REGULAR,PACF,10247
SXTP,20250717 08:01:30.673000,0,1.84,3,1.87,5,REGULAR,REGULAR,PACF,10247
SXTP,20250717 08:01:30.940000,0,1.84,3,1.87,5,REGULAR,REGULAR,PACF,10247
SXTP,20250717 08:01:30.941000,0,1.84,3,1.87,5,REGULAR,REGULAR,PACF,10247
SXTP,20250717 08:01:31.269000,0,1.84,2,1.87,2,REGULAR,REGULAR,PACF,10247
SXTP,20250717 08:01:31.269000,0,1.84,2,1.87,2,REGULAR,REGULAR,PACF,10247
SXTP,20250717 08:01:31.269000,0,1.84,2,1.87,2,REGULAR,REGULAR,PACF,10247
SXTP,20250717 08:01:31.431000,0,1.85,3,1.88,9,REGULAR,REGULAR,PACF,10247
SXTP,20250717 08:01:31.431000,0,1.85,3,1.88,9,REGULAR,REGULAR,PACF,10247
SXTP,20250717 08:01:31.431000,0,1.85,3,1.88,9,REGULAR,REGULAR,PACF,10247
SXTP,20250717 08:01:31.431000,0,1.85,3,1.88,9,REGULAR,REGULAR,PACF,10247
SXTP,20250717 08:01:31.431000,0,1.85,3,1.88,9,REGULAR,REGULAR,PACF,10247
SXTP,20250717 08:01:31.432000,0,1.85,3,1.88,9,REGULAR,REGULAR,PACF,10247
SXTP,20250717 08:01:31.432000,0,1.85,3,1.88,9,REGULAR,REGULAR,PACF,10247
SXTP,20250717 08:01:31.432000,0,1.85,3,1.88,9,REGULAR,REGULAR,PACF,10247
SXTP,20250717 08:01:31.839000,0,1.86,1,1.88,9,REGULAR,REGULAR,PACF,10247
SXTP,20250717 08:01:31.840000,0,1.87,2,1.89,1,REGULAR,REGULAR,PACF,10305
SXTP,20250717 08:01:31.840000,0,1.87,2,1.89,1,REGULAR,REGULAR,PACF,10305
SXTP,20250717 08:01:31.840000,0,1.87,2,1.89,1,REGULAR,REGULAR,PACF,10305
SXTP,20250717 08:01:31.840000,0,1.87,2,1.89,1,REGULAR,REGULAR,PACF,10305
SXTP,20250717 08:01:31.840000,0,1.87,2,1.89,1,REGULAR,REGULAR,PACF,10305
SXTP,20250717 08:01:31.840000,0,1.87,2,1.89,1,REGULAR,REGULAR,PACF,10305
SXTP,20250717 08:01:31.841000,0,1.88,2,1.91,30,REGULAR,REGULAR,PACF,10247
SXTP,20250717 08:01:31.841000,0,1.88,2,1.91,30,REGULAR,REGULAR,PACF,10247
SXTP,20250717 08:01:31.841000,0,1.88,2,1.91,30,REGULAR,REGULAR,PACF,10247
SXTP,20250717 08:01:31.841000,0,1.88,2,1.91,30,REGULAR,REGULAR,PACF,10247
SXTP,20250717 08:01:31.841000,0,1.88,2,1.91,30,REGULAR,REGULAR,PACF,10247
SXTP,20250717 08:01:31.843000,0,1.9,22,1.91,30,REGULAR,REGULAR,PACF,10247
SXTP,20250717 08:01:32.048000,0,1.9,22,1.91,29,REGULAR,REGULAR,PACF,10247
SXTP,20250717 08:01:32.048000,0,1.9,22,1.91,29,REGULAR,REGULAR,PACF,10247
SXTP,20250717 08:01:32.048000,0,1.9,22,1.91,29,REGULAR,REGULAR,PACF,10247
SXTP,20250717 08:01:32.098000,0,1.9,15,1.91,29,REGULAR,REGULAR,PACF,10247
SXTP,20250717 08:01:32.098000,0,1.9,15,1.91,29,REGULAR,REGULAR,PACF,10247
SXTP,20250717 08:01:32.099000,0,1.9,13,1.91,29,REGULAR,REGULAR,PACF,10247
SXTP,20250717 08:01:32.317000,0,1.9,13,1.91,27,REGULAR,REGULAR,PACF,10247
SXTP,20250717 08:01:32.483000,0,1.9,13,1.91,9,REGULAR,REGULAR,PACF,10247
SXTP,20250717 08:01:32.483000,0,1.9,13,1.91,9,REGULAR,REGULAR,PACF,10247
SXTP,20250717 08:01:32.484000,0,1.9,12,1.91,9,REGULAR,REGULAR,PACF,10247
SXTP,20250717 08:01:32.485000,0,1.9,13,1.94,25,REGULAR,REGULAR,PACF,10313
SXTP,20250717 08:01:32.485000,0,1.9,13,1.94,25,REGULAR,REGULAR,PACF,10313
SXTP,20250717 08:01:32.486000,0,1.9,14,1.92,2,REGULAR,REGULAR,PACF,10247
SXTP,20250717 08:01:32.486000,0,1.9,14,1.92,2,REGULAR,REGULAR,PACF,10247
SXTP,20250717 08:01:32.486000,0,1.9,14,1.92,2,REGULAR,REGULAR,PACF,10247
SXTP,20250717 08:01:32.486000,0,1.9,14,1.92,2,REGULAR,REGULAR,PACF,10247
SXTP,20250717 08:01:32.486000,0,1.9,14,1.92,2,REGULAR,REGULAR,PACF,10247
SXTP,20250717 08:01:32.486000,0,1.9,14,1.92,2,REGULAR,REGULAR,PACF,10247
SXTP,20250717 08:01:32.487000,0,1.91,2,1.94,25,REGULAR,REGULAR,PACF,10313
SXTP,20250717 08:01:32.487000,0,1.91,2,1.94,25,REGULAR,REGULAR,PACF,10313
SXTP,20250717 08:01:32.487000,0,1.91,2,1.94,25,REGULAR,REGULAR,PACF,10313
SXTP,20250717 08:01:32.487000,0,1.91,2,1.94,25,REGULAR,REGULAR,PACF,10313
SXTP,20250717 08:01:32.487000,0,1.91,2,1.94,25,REGULAR,REGULAR,PACF,10313
SXTP,20250717 08:01:32.488000,0,1.91,2,1.94,12,REGULAR,REGULAR,PACF,10313
SXTP,20250717 08:01:32.488000,0,1.91,2,1.94,12,REGULAR,REGULAR,PACF,10313
SXTP,20250717 08:01:32.488000,0,1.91,2,1.94,12,REGULAR,REGULAR,PACF,10313
SXTP,20250717 08:01:32.585000,0,1.92,2,1.94,13,REGULAR,REGULAR,PACF,10313
SXTP,20250717 08:01:32.627000,0,1.92,1,1.94,13,REGULAR,REGULAR,PACF,10313
SXTP,20250717 08:01:32.798000,0,1.91,2,1.93,2,REGULAR,REGULAR,PACF,10247
SXTP,20250717 08:01:32.798000,0,1.91,2,1.93,2,REGULAR,REGULAR,PACF,10247
SXTP,20250717 08:01:32.803000,0,1.91,2,1.93,1,REGULAR,REGULAR,PACF,10247
SXTP,20250717 08:01:32.803000,0,1.91,2,1.93,1,REGULAR,REGULAR,PACF,10247
SXTP,20250717 08:01:32.840000,0,1.91,2,1.93,1,REGULAR,REGULAR,PACF,10247
SXTP,20250717 08:01:33.097000,0,1.92,3,1.93,3,REGULAR,REGULAR,MIAX,10313
SXTP,20250717 08:01:33.098000,0,1.92,2,1.93,1,REGULAR,REGULAR,MIAX,10247
SXTP,20250717 08:01:33.130000,0,1.92,2,1.94,12,REGULAR,REGULAR,MIAX,10313
SXTP,20250717 08:01:33.130000,0,1.92,2,1.94,12,REGULAR,REGULAR,MIAX,10313
SXTP,20250717 08:01:33.130000,0,1.92,2,1.94,12,REGULAR,REGULAR,MIAX,10313
SXTP,20250717 08:01:33.284000,0,1.92,2,1.94,12,REGULAR,REGULAR,MIAX,10313
SXTP,20250717 08:01:33.284000,0,1.92,2,1.94,12,REGULAR,REGULAR,MIAX,10313
SXTP,20250717 08:01:33.352000,0,1.92,2,1.94,12,REGULAR,REGULAR,MIAX,10313
SXTP,20250717 08:01:33.357000,0,1.92,2,1.94,12,REGULAR,REGULAR,MIAX,10313
SXTP,20250717 08:01:33.357000,0,1.92,2,1.94,12,REGULAR,REGULAR,MIAX,10313
SXTP,20250717 08:01:34.033000,0,1.92,2,1.96,55,REGULAR,REGULAR,MIAX,10247
SXTP,20250717 08:01:34.033000,0,1.92,2,1.96,55,REGULAR,REGULAR,MIAX,10247
SXTP,20250717 08:01:34.033000,0,1.92,2,1.96,55,REGULAR,REGULAR,MIAX,10247
SXTP,20250717 08:01:34.033000,0,1.92,2,1.96,55,REGULAR,REGULAR,MIAX,10247
SXTP,20250717 08:01:34.033000,0,1.92,2,1.96,55,REGULAR,REGULAR,MIAX,10247
SXTP,20250717 08:01:34.033000,0,1.92,2,1.96,55,REGULAR,REGULAR,MIAX,10247
SXTP,20250717 08:01:34.033000,0,1.92,2,1.96,55,REGULAR,REGULAR,MIAX,10247
SXTP,20250717 08:01:34.033000,0,1.92,2,1.96,55,REGULAR,REGULAR,MIAX,10247
SXTP,20250717 08:01:34.033000,0,1.92,2,1.96,55,REGULAR,REGULAR,MIAX,10247
SXTP,20250717 08:01:34.033000,0,1.92,2,1.96,55,REGULAR,REGULAR,MIAX,10247
SXTP,20250717 08:01:34.034000,0,1.92,2,1.96,55,REGULAR,REGULAR,MIAX,10247
SXTP,20250717 08:01:34.035000,0,1.93,3,1.96,54,REGULAR,REGULAR,PACF,10247
SXTP,20250717 08:01:34.035000,0,1.93,3,1.96,54,REGULAR,REGULAR,PACF,10247
SXTP,20250717 08:01:34.035000,0,1.93,3,1.96,54,REGULAR,REGULAR,PACF,10247
SXTP,20250717 08:01:34.035000,0,1.93,3,1.96,54,REGULAR,REGULAR,PACF,10247
SXTP,20250717 08:01:34.035000,0,1.93,3,1.96,54,REGULAR,REGULAR,PACF,10247
SXTP,20250717 08:01:34.036000,0,1.93,4,1.96,41,REGULAR,REGULAR,PACF,10247
SXTP,20250717 08:01:34.036000,0,1.93,4,1.96,41,REGULAR,REGULAR,PACF,10247
SXTP,20250717 08:01:34.626000,0,1.93,2,1.96,41,REGULAR,REGULAR,PACF,10247
SXTP,20250717 08:01:35.058000,0,1.93,2,1.96,41,REGULAR,REGULAR,PACF,10247
SXTP,20250717 08:01:35.059000,0,1.93,2,1.96,41,REGULAR,REGULAR,PACF,10247
SXTP,20250717 08:01:35.059000,0,1.93,2,1.96,41,REGULAR,REGULAR,PACF,10247
SXTP,20250717 08:01:35.060000,0,1.93,2,1.96,41,REGULAR,REGULAR,PACF,10247
SXTP,20250717 08:01:35.060000,0,1.93,2,1.96,41,REGULAR,REGULAR,PACF,10247
SXTP,20250717 08:01:35.165000,0,1.93,2,1.96,41,REGULAR,REGULAR,PACF,10247
SXTP,20250717 08:01:35.488000,0,1.93,2,1.96,13,REGULAR,REGULAR,PACF,10247
SXTP,20250717 08:01:35.488000,0,1.93,2,1.96,13,REGULAR,REGULAR,PACF,10247
SXTP,20250717 08:01:35.488000,0,1.93,2,1.96,13,REGULAR,REGULAR,PACF,10247
SXTP,20250717 08:01:35.488000,0,1.93,2,1.96,13,REGULAR,REGULAR,PACF,10247
SXTP,20250717 08:01:35.488000,0,1.93,2,1.96,13,REGULAR,REGULAR,PACF,10247
SXTP,20250717 08:01:35.488000,0,1.93,2,1.96,13,REGULAR,REGULAR,PACF,10247
SXTP,20250717 08:01:35.489000,0,1.93,2,1.96,13,REGULAR,REGULAR,PACF,10247
SXTP,20250717 08:01:35.500000,0,1.93,2,1.96,13,REGULAR,REGULAR,PACF,10247
SXTP,20250717 08:01:35.586000,0,1.93,1,1.96,13,REGULAR,REGULAR,PACF,10247
SXTP,20250717 08:01:35.647000,0,1.93,1,1.96,13,REGULAR,REGULAR,PACF,10247
SXTP,20250717 08:01:35.647000,0,1.93,1,1.96,13,REGULAR,REGULAR,PACF,10247
SXTP,20250717 08:01:35.647000,0,1.93,1,1.96,13,REGULAR,REGULAR,PACF,10247
SXTP,20250717 08:01:35.647000,0,1.93,1,1.96,13,REGULAR,REGULAR,PACF,10247
SXTP,20250717 08:01:35.647000,0,1.93,1,1.96,13,REGULAR,REGULAR,PACF,10247
SXTP,20250717 08:01:35.736000,0,1.93,1,1.95,2,REGULAR,REGULAR,PACF,10247
SXTP,20250717 08:01:35.736000,0,1.93,1,1.95,2,REGULAR,REGULAR,PACF,10247
SXTP,20250717 08:01:35.736000,0,1.93,1,1.95,2,REGULAR,REGULAR,PACF,10247
SXTP,20250717 08:01:35.736000,0,1.93,1,1.95,2,REGULAR,REGULAR,PACF,10247
SXTP,20250717 08:01:35.737000,0,1.93,1,1.95,2,REGULAR,REGULAR,PACF,10247
SXTP,20250717 08:01:35.743000,0,1.92,1,1.93,5,REGULAR,REGULAR,PACF,10247
SXTP,20250717 08:01:35.743000,0,1.92,1,1.93,5,REGULAR,REGULAR,PACF,10247
SXTP,20250717 08:01:35.743000,0,1.92,1,1.93,5,REGULAR,REGULAR,PACF,10247
SXTP,20250717 08:01:35.743000,0,1.92,1,1.93,5,REGULAR,REGULAR,PACF,10247
SXTP,20250717 08:01:35.769000,0,1.92,1,1.93,5,REGULAR,REGULAR,PACF,10247
SXTP,20250717 08:01:35.797000,0,1.92,1,1.93,5,REGULAR,REGULAR,PACF,10247
SXTP,20250717 08:01:35.994000,0,1.92,1,1.93,5,REGULAR,REGULAR,PACF,10247
SXTP,20250717 08:01:36.167000,0,1.92,1,1.93,5,REGULAR,REGULAR,PACF,10247
SXTP,20250717 08:01:36.466000,0,1.9,12,1.93,5,REGULAR,REGULAR,PACF,10247
SXTP,20250717 08:01:37.021000,0,1.9,12,1.92,2,REGULAR,REGULAR,PACF,10247
SXTP,20250717 08:01:37.210000,0,1.9,6,1.92,1,REGULAR,REGULAR,PACF,10313
SXTP,20250717 08:01:37.212000,0,1.9,5,1.95,5,REGULAR,REGULAR,PACF,10241
SXTP,20250717 08:01:37.258000,0,1.9,5,1.95,5,REGULAR,REGULAR,PACF,10241
SXTP,20250717 08:01:37.273000,0,1.9,2,1.95,5,REGULAR,REGULAR,PACF,10241
SXTP,20250717 08:01:37.273000,0,1.9,2,1.95,5,REGULAR,REGULAR,PACF,10241
SXTP,20250717 08:01:37.274000,0,1.84,1,1.95,5,REGULAR,REGULAR,PACF,10241
SXTP,20250717 08:01:38.193000,0,1.83,4,1.92,1,REGULAR,REGULAR,PACF,10247
SXTP,20250717 08:01:38.193000,0,1.83,4,1.92,1,REGULAR,REGULAR,PACF,10247
SXTP,20250717 08:01:38.193000,0,1.83,4,1.92,1,REGULAR,REGULAR,PACF,10247
SXTP,20250717 08:01:38.195000,0,1.83,4,1.92,1,REGULAR,REGULAR,PACF,10247
SXTP,20250717 08:01:38.229000,0,1.83,4,1.92,1,REGULAR,REGULAR,PACF,10247
SXTP,20250717 08:01:38.628000,0,1.83,4,1.92,1,REGULAR,REGULAR,PACF,10247
SXTP,20250717 08:01:39.211000,0,1.83,4,1.92,1,REGULAR,REGULAR,PACF,10247
SXTP,20250717 08:01:39.990000,0,1.83,5,1.92,1,REGULAR,REGULAR,EDGX,10247
SXTP,20250717 08:01:40.501000,0,1.86,1,1.92,1,REGULAR,REGULAR,PACF,10247
SXTP,20250717 08:01:40.896000,0,1.86,1,1.92,1,REGULAR,REGULAR,PACF,10247
SXTP,20250717 08:01:40.896000,0,1.86,1,1.92,1,REGULAR,REGULAR,PACF,10247
SXTP,20250717 08:01:40.937000,0,1.86,1,1.92,1,REGULAR,REGULAR,PACF,10247
SXTP,20250717 08:01:40.938000,0,1.86,1,1.92,1,REGULAR,REGULAR,PACF,10247
SXTP,20250717 08:01:40.939000,0,1.86,1,1.92,1,REGULAR,REGULAR,PACF,10247
SXTP,20250717 08:01:41.860000,0,1.87,10,1.94,30,REGULAR,REGULAR,PACF,10241
SXTP,20250717 08:01:41.906000,0,1.87,10,1.89,10,REGULAR,REGULAR,PACF,10247
SXTP,20250717 08:01:41.985000,0,1.87,10,1.89,9,REGULAR,REGULAR,PACF,10247
SXTP,20250717 08:01:41.985000,0,1.87,10,1.89,9,REGULAR,REGULAR,PACF,10247
SXTP,20250717 08:01:42.236000,0,1.92,24,1.93,1,REGULAR,REGULAR,MEMX,10313
SXTP,20250717 08:01:42.236000,0,1.92,24,1.93,1,REGULAR,REGULAR,MEMX,10313
SXTP,20250717 08:01:42.237000,0,1.92,24,1.94,30,REGULAR,REGULAR,MEMX,10241
SXTP,20250717 08:01:42.238000,0,1.92,18,1.94,30,REGULAR,REGULAR,MEMX,10241
SXTP,20250717 08:01:42.314000,0,1.92,18,1.94,30,REGULAR,REGULAR,MEMX,10241
SXTP,20250717 08:01:42.370000,0,1.92,18,1.94,30,REGULAR,REGULAR,MEMX,10241
SXTP,20250717 08:01:42.371000,0,1.92,18,1.94,30,REGULAR,REGULAR,MEMX,10241
SXTP,20250717 08:01:42.372000,0,1.92,18,1.94,30,REGULAR,REGULAR,MEMX,10241
SXTP,20250717 08:01:42.376000,0,1.92,18,1.94,30,REGULAR,REGULAR,MEMX,10241
SXTP,20250717 08:01:42.376000,0,1.92,18,1.94,30,REGULAR,REGULAR,MEMX,10241
SXTP,20250717 08:01:42.377000,0,1.92,18,1.94,30,REGULAR,REGULAR,MEMX,10241
SXTP,20250717 08:01:42.377000,0,1.92,18,1.94,30,REGULAR,REGULAR,MEMX,10241
SXTP,20250717 08:01:42.378000,0,1.92,18,1.94,30,REGULAR,REGULAR,MEMX,10241
SXTP,20250717 08:01:42.536000,0,1.92,15,1.94,30,REGULAR,REGULAR,MEMX,10241
SXTP,20250717 08:01:42.537000,0,1.92,15,1.94,30,REGULAR,REGULAR,MEMX,10241
SXTP,20250717 08:01:42.538000,0,1.92,15,1.94,30,REGULAR,REGULAR,MEMX,10241
SXTP,20250717 08:01:42.702000,0,1.92,15,1.94,29,REGULAR,REGULAR,MEMX,10241
SXTP,20250717 08:01:42.702000,0,1.92,15,1.94,29,REGULAR,REGULAR,MEMX,10241
SXTP,20250717 08:01:42.702000,0,1.92,15,1.94,29,REGULAR,REGULAR,MEMX,10241
SXTP,20250717 08:01:42.702000,0,1.92,15,1.94,29,REGULAR,REGULAR,MEMX,10241
SXTP,20250717 08:01:42.747000,0,1.88,2,1.93,1,REGULAR,REGULAR,PACF,10247
SXTP,20250717 08:01:42.798000,0,1.88,2,1.91,24,REGULAR,REGULAR,PACF,10241
SXTP,20250717 08:01:42.835000,0,1.88,2,1.91,23,REGULAR,REGULAR,PACF,10241
SXTP,20250717 08:01:43.221000,0,1.89,1,1.93,3,REGULAR,REGULAR,PACF,10313
SXTP,20250717 08:01:43.297000,0,1.91,1,1.93,3,REGULAR,REGULAR,MEMX,10313
SXTP,20250717 08:01:43.558000,0,1.91,1,1.93,1,REGULAR,REGULAR,MEMX,10247
SXTP,20250717 08:01:43.560000,0,1.91,1,1.93,1,REGULAR,REGULAR,MEMX,10247
SXTP,20250717 08:01:43.774000,0,1.91,1,1.93,1,REGULAR,REGULAR,MEMX,10247
SXTP,20250717 08:01:43.925000,0,1.91,1,1.93,1,REGULAR,REGULAR,MEMX,10247
SXTP,20250717 08:01:43.936000,0,1.9,1,1.93,1,REGULAR,REGULAR,NQEX,10247
SXTP,20250717 08:01:43.937000,0,1.9,1,1.93,1,REGULAR,REGULAR,NQEX,10247
SXTP,20250717 08:01:43.958000,0,1.9,1,1.92,2,REGULAR,REGULAR,NQEX,10247
SXTP,20250717 08:01:43.958000,0,1.9,1,1.92,2,REGULAR,REGULAR,NQEX,10247
SXTP,20250717 08:01:43.958000,0,1.9,1,1.92,2,REGULAR,REGULAR,NQEX,10247
SXTP,20250717 08:01:43.958000,0,1.9,1,1.92,2,REGULAR,REGULAR,NQEX,10247
SXTP,20250717 08:01:43.959000,0,1.89,1,1.92,3,REGULAR,REGULAR,PACF,10247
SXTP,20250717 08:01:43.959000,0,1.89,1,1.92,3,REGULAR,REGULAR,PACF,10247
SXTP,20250717 08:01:43.985000,0,1.89,1,1.9,38,REGULAR,REGULAR,PACF,10241
SXTP,20250717 08:01:43.992000,0,1.89,1,1.9,37,REGULAR,REGULAR,PACF,10241
SXTP,20250717 08:01:43.992000,0,1.89,1,1.9,37,REGULAR,REGULAR,PACF,10241
SXTP,20250717 08:01:43.992000,0,1.89,1,1.9,37,REGULAR,REGULAR,PACF,10241
SXTP,20250717 08:01:43.993000,0,1.87,10,1.9,37,REGULAR,REGULAR,PACF,10241
SXTP,20250717 08:01:43.993000,0,1.87,10,1.9,37,REGULAR,REGULAR,PACF,10241
SXTP,20250717 08:01:43.994000,0,1.87,10,1.9,37,REGULAR,REGULAR,PACF,10241
SXTP,20250717 08:01:44.298000,0,1.87,10,1.9,91,REGULAR,REGULAR,PACF,10241
SXTP,20250717 08:01:44.298000,0,1.87,10,1.9,91,REGULAR,REGULAR,PACF,10241
SXTP,20250717 08:01:44.298000,0,1.87,10,1.9,91,REGULAR,REGULAR,PACF,10241
SXTP,20250717 08:01:44.324000,0,1.87,10,1.9,91,REGULAR,REGULAR,PACF,10241
SXTP,20250717 08:01:44.331000,0,1.87,10,1.9,91,REGULAR,REGULAR,PACF,10241
SXTP,20250717 08:01:44.437000,0,1.87,10,1.9,91,REGULAR,REGULAR,PACF,10241
SXTP,20250717 08:01:44.437000,0,1.87,10,1.9,91,REGULAR,REGULAR,PACF,10241
SXTP,20250717 08:01:44.503000,0,1.87,10,1.9,91,REGULAR,REGULAR,PACF,10241
SXTP,20250717 08:01:44.504000,0,1.87,10,1.9,91,REGULAR,REGULAR,PACF,10241
SXTP,20250717 08:01:44.504000,0,1.87,10,1.9,91,REGULAR,REGULAR,PACF,10241
SXTP,20250717 08:01:44.505000,0,1.87,10,1.9,91,REGULAR,REGULAR,PACF,10241
SXTP,20250717 08:01:44.540000,0,1.87,10,1.9,91,REGULAR,REGULAR,PACF,10241
SXTP,20250717 08:01:44.598000,0,1.87,10,1.89,2,REGULAR,REGULAR,PACF,10247
SXTP,20250717 08:01:44.897000,0,1.87,10,1.89,3,REGULAR,REGULAR,PACF,10247
SXTP,20250717 08:01:44.898000,0,1.87,10,1.89,3,REGULAR,REGULAR,PACF,10247
SXTP,20250717 08:01:44.898000,0,1.87,10,1.89,3,REGULAR,REGULAR,PACF,10247
SXTP,20250717 08:01:44.898000,0,1.87,10,1.89,3,REGULAR,REGULAR,PACF,10247
SXTP,20250717 08:01:44.899000,0,1.87,10,1.89,3,REGULAR,REGULAR,PACF,10247
SXTP,20250717 08:01:45.268000,0,1.87,6,1.89,4,REGULAR,REGULAR,PACF,10241
SXTP,20250717 08:01:45.381000,0,1.87,6,1.89,4,REGULAR,REGULAR,PACF,10241
SXTP,20250717 08:01:45.433000,0,1.87,6,1.89,4,REGULAR,REGULAR,PACF,10241
SXTP,20250717 08:01:45.934000,0,1.87,6,1.89,4,REGULAR,REGULAR,PACF,10241
SXTP,20250717 08:01:46.002000,0,1.87,6,1.89,1,REGULAR,REGULAR,PACF,10247
SXTP,20250717 08:01:46.002000,0,1.87,6,1.89,1,REGULAR,REGULAR,PACF,10247
SXTP,20250717 08:01:46.002000,0,1.87,6,1.89,1,REGULAR,REGULAR,PACF,10247
SXTP,20250717 08:01:46.002000,0,1.87,6,1.89,1,REGULAR,REGULAR,PACF,10247
SXTP,20250717 08:01:46.542000,0,1.87,8,1.88,8,REGULAR,REGULAR,PACF,10247
SXTP,20250717 08:01:46.542000,0,1.87,8,1.88,8,REGULAR,REGULAR,PACF,10247
SXTP,20250717 08:01:46.926000,0,1.88,1,1.89,2,REGULAR,REGULAR,PACF,10313
SXTP,20250717 08:01:46.926000,0,1.88,1,1.89,2,REGULAR,REGULAR,PACF,10313
SXTP,20250717 08:01:46.928000,0,1.87,8,1.89,2,REGULAR,REGULAR,PACF,10313
SXTP,20250717 08:01:47.111000,0,1.87,8,1.89,2,REGULAR,REGULAR,PACF,10313
SXTP,20250717 08:01:47.351000,0,1.87,7,1.89,1,REGULAR,REGULAR,PACF,10241
SXTP,20250717 08:01:47.352000,0,1.87,7,1.89,1,REGULAR,REGULAR,PACF,10241
SXTP,20250717 08:01:47.758000,0,1.85,1,1.89,1,REGULAR,REGULAR,PACF,10313
SXTP,20250717 08:01:47.758000,0,1.85,1,1.89,1,REGULAR,REGULAR,PACF,10313
SXTP,20250717 08:01:47.763000,0,1.85,1,1.89,1,REGULAR,REGULAR,PACF,10313
SXTP,20250717 08:01:48.358000,0,1.87,1,1.89,2,REGULAR,REGULAR,EDGX,10313
SXTP,20250717 08:01:48.359000,0,1.85,1,1.89,2,REGULAR,REGULAR,PACF,10313
SXTP,20250717 08:01:48.359000,0,1.85,1,1.89,2,REGULAR,REGULAR,PACF,10313
SXTP,20250717 08:01:48.360000,0,1.85,1,1.88,2,REGULAR,REGULAR,PACF,10247
SXTP,20250717 08:01:48.360000,0,1.85,1,1.88,2,REGULAR,REGULAR,PACF,10247
SXTP,20250717 08:01:48.391000,0,1.85,1,1.88,2,REGULAR,REGULAR,PACF,10247
SXTP,20250717 08:01:48.598000,0,1.85,1,1.87,2,REGULAR,REGULAR,PACF,10300
SXTP,20250717 08:01:48.598000,0,1.85,1,1.87,2,REGULAR,REGULAR,PACF,10300
SXTP,20250717 08:01:48.669000,0,1.85,1,1.87,1,REGULAR,REGULAR,PACF,10300
SXTP,20250717 08:01:48.887000,0,1.85,1,1.86,20,REGULAR,REGULAR,PACF,10305
SXTP,20250717 08:01:48.920000,0,1.85,1,1.86,20,REGULAR,REGULAR,PACF,10305
SXTP,20250717 08:01:49.097000,0,1.84,1,1.86,20,REGULAR,REGULAR,PACF,10305
SXTP,20250717 08:01:49.100000,0,1.83,5,1.86,20,REGULAR,REGULAR,EDGX,10305
SXTP,20250717 08:01:49.101000,0,1.83,2,1.85,1,REGULAR,REGULAR,MEMX,10305
SXTP,20250717 08:01:49.101000,0,1.83,2,1.85,1,REGULAR,REGULAR,MEMX,10305
SXTP,20250717 08:01:49.101000,0,1.83,2,1.85,1,REGULAR,REGULAR,MEMX,10305
SXTP,20250717 08:01:49.101000,0,1.83,2,1.85,1,REGULAR,REGULAR,MEMX,10305
SXTP,20250717 08:01:49.102000,0,1.83,2,1.85,1,REGULAR,REGULAR,MEMX,10305
SXTP,20250717 08:01:49.103000,0,1.76,10,1.85,1,REGULAR,REGULAR,EDGX,10305
SXTP,20250717 08:01:49.103000,0,1.76,10,1.85,1,REGULAR,REGULAR,EDGX,10305
SXTP,20250717 08:01:49.106000,0,1.76,10,1.85,1,REGULAR,REGULAR,EDGX,10305
SXTP,20250717 08:01:49.108000,0,1.76,10,1.85,1,REGULAR,REGULAR,EDGX,10305
SXTP,20250717 08:01:49.758000,0,1.76,10,1.86,20,REGULAR,REGULAR,EDGX,10305
SXTP,20250717 08:01:49.776000,0,1.76,10,1.87,2,REGULAR,REGULAR,EDGX,10300
SXTP,20250717 08:01:49.778000,0,1.76,10,1.86,15,REGULAR,REGULAR,EDGX,10305
SXTP,20250717 08:01:49.778000,0,1.76,10,1.86,15,REGULAR,REGULAR,EDGX,10305
SXTP,20250717 08:01:49.970000,0,1.76,10,1.86,15,REGULAR,REGULAR,EDGX,10305
SXTP,20250717 08:01:50.107000,0,1.76,10,1.86,15,REGULAR,REGULAR,EDGX,10305
SXTP,20250717 08:01:50.135000,0,1.79,9,1.86,15,REGULAR,REGULAR,PACF,10305
SXTP,20250717 08:01:50.271000,0,1.79,8,1.86,15,REGULAR,REGULAR,PACF,10305
SXTP,20250717 08:01:50.272000,0,1.79,8,1.86,15,REGULAR,REGULAR,PACF,10305
SXTP,20250717 08:01:50.397000,0,1.79,8,1.84,2,REGULAR,REGULAR,PACF,10305
SXTP,20250717 08:01:50.531000,0,1.79,8,1.83,10,REGULAR,REGULAR,PACF,10247
SXTP,20250717 08:01:50.769000,0,1.79,8,1.83,10,REGULAR,REGULAR,PACF,10247
SXTP,20250717 08:01:51.139000,0,1.79,8,1.83,10,REGULAR,REGULAR,PACF,10247
SXTP,20250717 08:01:51.187000,0,1.79,8,1.83,10,REGULAR,REGULAR,PACF,10247
SXTP,20250717 08:01:51.187000,0,1.79,8,1.83,10,REGULAR,REGULAR,PACF,10247
SXTP,20250717 08:01:51.364000,0,1.79,8,1.83,10,REGULAR,REGULAR,PACF,10247
SXTP,20250717 08:01:51.943000,0,1.79,9,1.83,14,REGULAR,REGULAR,PACF,10247
SXTP,20250717 08:01:52.654000,0,1.79,1,1.83,14,REGULAR,REGULAR,PACF,10247
SXTP,20250717 08:01:52.850000,0,1.79,1,1.83,14,REGULAR,REGULAR,PACF,10247
SXTP,20250717 08:01:53.086000,0,1.81,8,1.82,2,REGULAR,REGULAR,PACF,10247
SXTP,20250717 08:01:53.086000,0,1.81,8,1.82,2,REGULAR,REGULAR,PACF,10247
SXTP,20250717 08:01:53.153000,0,1.81,8,1.82,2,REGULAR,REGULAR,PACF,10247
SXTP,20250717 08:01:53.932000,0,1.81,8,1.82,1,REGULAR,REGULAR,PACF,10247
SXTP,20250717 08:01:54.349000,0,1.74,1,1.81,2,REGULAR,REGULAR,PACF,10247
SXTP,20250717 08:01:54.349000,0,1.74,1,1.81,2,REGULAR,REGULAR,PACF,10247
SXTP,20250717 08:01:54.349000,0,1.74,1,1.81,2,REGULAR,REGULAR,PACF,10247
SXTP,20250717 08:01:54.349000,0,1.74,1,1.81,2,REGULAR,REGULAR,PACF,10247
SXTP,20250717 08:01:54.349000,0,1.74,1,1.81,2,REGULAR,REGULAR,PACF,10247
SXTP,20250717 08:01:54.569000,0,1.73,8,1.81,1,REGULAR,REGULAR,PACF,10247
SXTP,20250717 08:01:54.571000,0,1.73,8,1.81,1,REGULAR,REGULAR,PACF,10247
SXTP,20250717 08:01:55.857000,0,1.73,8,1.78,14,REGULAR,REGULAR,PACF,10313
SXTP,20250717 08:01:55.858000,0,1.73,8,1.78,14,REGULAR,REGULAR,PACF,10313
SXTP,20250717 08:01:55.861000,0,1.73,8,1.78,14,REGULAR,REGULAR,PACF,10313
SXTP,20250717 08:01:55.862000,0,1.73,8,1.78,14,REGULAR,REGULAR,PACF,10313
SXTP,20250717 08:01:56.245000,0,1.73,8,1.78,14,REGULAR,REGULAR,PACF,10313
SXTP,20250717 08:01:56.675000,0,1.73,8,1.78,14,REGULAR,REGULAR,PACF,10313
SXTP,20250717 08:01:57.310000,0,1.74,8,1.78,14,REGULAR,REGULAR,PACF,10313
SXTP,20250717 08:01:58.690000,0,1.74,9,1.78,14,REGULAR,REGULAR,PACF,10313
SXTP,20250717 08:01:59.655000,0,1.74,9,1.82,1,REGULAR,REGULAR,PACF,10247
SXTP,20250717 08:01:59.655000,0,1.74,9,1.82,1,REGULAR,REGULAR,PACF,10247
SXTP,20250717 08:01:59.655000,0,1.74,9,1.82,1,REGULAR,REGULAR,PACF,10247
SXTP,20250717 08:01:59.657000,0,1.74,9,1.83,10,REGULAR,REGULAR,PACF,10247
SXTP,20250717 08:01:59.657000,0,1.74,9,1.83,10,REGULAR,REGULAR,PACF,10247
SXTP,20250717 08:01:59.658000,0,1.78,1,1.83,10,REGULAR,REGULAR,NQEX,10247
SXTP,20250717 08:01:59.658000,0,1.78,1,1.83,10,REGULAR,REGULAR,NQEX,10247
SXTP,20250717 08:01:59.658000,0,1.78,1,1.83,10,REGULAR,REGULAR,NQEX,10247
SXTP,20250717 08:01:59.658000,0,1.78,1,1.83,10,REGULAR,REGULAR,NQEX,10247
SXTP,20250717 08:01:59.658000,0,1.78,1,1.83,10,REGULAR,REGULAR,NQEX,10247
SXTP,20250717 08:01:59.661000,0,1.81,1,1.85,1,REGULAR,REGULAR,PACF,10247
SXTP,20250717 08:01:59.663000,0,1.81,1,1.86,15,REGULAR,REGULAR,PACF,10305
SXTP,20250717 08:01:59.665000,0,1.83,1,1.86,15,REGULAR,REGULAR,PACF,10305
SXTP,20250717 08:01:59.666000,0,1.83,2,1.86,11,REGULAR,REGULAR,PACF,10305
SXTP,20250717 08:01:59.666000,0,1.83,2,1.86,11,REGULAR,REGULAR,PACF,10305
SXTP,20250717 08:01:59.709000,0,1.83,2,1.86,11,REGULAR,REGULAR,PACF,10305
SXTP,20250717 08:01:59.803000,0,1.79,1,1.86,11,REGULAR,REGULAR,PACF,10305
SXTP,20250717 08:02:00.060000,0,1.75,3,1.85,1,REGULAR,REGULAR,PACF,10247
SXTP,20250717 08:02:00.065000,0,1.75,3,1.86,11,REGULAR,REGULAR,PACF,10305
SXTP,20250717 08:02:00.066000,0,1.75,3,1.86,11,REGULAR,REGULAR,PACF,10305
SXTP,20250717 08:02:00.167000,0,1.75,3,1.86,11,REGULAR,REGULAR,PACF,10305
SXTP,20250717 08:02:00.168000,0,1.75,3,1.86,11,REGULAR,REGULAR,PACF,10305
SXTP,20250717 08:02:00.169000,0,1.75,3,1.86,11,REGULAR,REGULAR,PACF,10305
SXTP,20250717 08:02:00.169000,0,1.75,3,1.86,11,REGULAR,REGULAR,PACF,10305
SXTP,20250717 08:02:00.231000,0,1.81,1,1.86,4,REGULAR,REGULAR,NQEX,10305
SXTP,20250717 08:02:00.231000,0,1.81,1,1.86,4,REGULAR,REGULAR,NQEX,10305
SXTP,20250717 08:02:00.231000,0,1.81,1,1.86,4,REGULAR,REGULAR,NQEX,10305
SXTP,20250717 08:02:00.231000,0,1.81,1,1.86,4,REGULAR,REGULAR,NQEX,10305
SXTP,20250717 08:02:00.231000,0,1.81,1,1.86,4,REGULAR,REGULAR,NQEX,10305
SXTP,20250717 08:02:00.232000,0,1.82,1,1.88,30,REGULAR,REGULAR,NQEX,10305
SXTP,20250717 08:02:00.232000,0,1.82,1,1.88,30,REGULAR,REGULAR,NQEX,10305
SXTP,20250717 08:02:00.232000,0,1.82,1,1.88,30,REGULAR,REGULAR,NQEX,10305
SXTP,20250717 08:02:01.186000,0,1.78,9,1.87,7,REGULAR,REGULAR,PACF,10241
SXTP,20250717 08:02:01.488000,0,1.78,9,1.87,7,REGULAR,REGULAR,PACF,10241
SXTP,20250717 08:02:01.613000,0,1.78,9,1.86,2,REGULAR,REGULAR,PACF,10300
SXTP,20250717 08:02:01.929000,0,1.78,2,1.86,4,REGULAR,REGULAR,PACF,10241
SXTP,20250717 08:02:01.929000,0,1.78,2,1.86,4,REGULAR,REGULAR,PACF,10241
SXTP,20250717 08:02:01.929000,0,1.78,2,1.86,4,REGULAR,REGULAR,PACF,10241
SXTP,20250717 08:02:01.930000,0,1.78,1,1.86,4,REGULAR,REGULAR,PACF,10241
SXTP,20250717 08:02:01.931000,0,1.78,9,1.86,4,REGULAR,REGULAR,PACF,10241
SXTP,20250717 08:02:02.465000,0,1.74,1,1.8,1,REGULAR,REGULAR,NQEX,10241
SXTP,20250717 08:02:02.465000,0,1.74,1,1.8,1,REGULAR,REGULAR,NQEX,10241
SXTP,20250717 08:02:02.465000,0,1.74,1,1.8,1,REGULAR,REGULAR,NQEX,10241
SXTP,20250717 08:02:02.465000,0,1.74,1,1.8,1,REGULAR,REGULAR,NQEX,10241
SXTP,20250717 08:02:02.465000,0,1.74,1,1.8,1,REGULAR,REGULAR,NQEX,10241
SXTP,20250717 08:02:02.465000,0,1.74,1,1.8,1,REGULAR,REGULAR,NQEX,10241
SXTP,20250717 08:02:02.465000,0,1.74,1,1.8,1,REGULAR,REGULAR,NQEX,10241
SXTP,20250717 08:02:02.465000,0,1.74,1,1.8,1,REGULAR,REGULAR,NQEX,10241
SXTP,20250717 08:02:02.465000,0,1.74,1,1.8,1,REGULAR,REGULAR,NQEX,10241
SXTP,20250717 08:02:02.465000,0,1.74,1,1.8,1,REGULAR,REGULAR,NQEX,10241
SXTP,20250717 08:02:02.465000,0,1.74,1,1.8,1,REGULAR,REGULAR,NQEX,10241
SXTP,20250717 08:02:02.465000,0,1.74,1,1.8,1,REGULAR,REGULAR,NQEX,10241
SXTP,20250717 08:02:02.466000,0,1.73,9,1.77,2,REGULAR,REGULAR,PACF,10241
SXTP,20250717 08:02:02.466000,0,1.73,9,1.77,2,REGULAR,REGULAR,PACF,10241
SXTP,20250717 08:02:02.466000,0,1.73,9,1.77,2,REGULAR,REGULAR,PACF,10241
SXTP,20250717 08:02:02.519000,0,1.73,9,1.74,3,REGULAR,REGULAR,PACF,10313
SXTP,20250717 08:02:03.216000,0,1.73,2,1.74,3,REGULAR,REGULAR,EDGX,10313
SXTP,20250717 08:02:03.238000,0,1.73,2,1.78,2,REGULAR,REGULAR,EDGX,10247
SXTP,20250717 08:02:03.239000,0,1.73,2,1.78,1,REGULAR,REGULAR,EDGX,10247
SXTP,20250717 08:02:03.240000,0,1.73,2,1.78,1,REGULAR,REGULAR,EDGX,10247
SXTP,20250717 08:02:03.240000,0,1.73,2,1.78,1,REGULAR,REGULAR,EDGX,10247
SXTP,20250717 08:02:03.241000,0,1.73,2,1.78,1,REGULAR,REGULAR,EDGX,10247
SXTP,20250717 08:02:03.242000,0,1.76,1,1.82,2,REGULAR,REGULAR,PACF,10247
SXTP,20250717 08:02:03.242000,0,1.76,1,1.82,2,REGULAR,REGULAR,PACF,10247
SXTP,20250717 08:02:03.242000,0,1.76,1,1.82,2,REGULAR,REGULAR,PACF,10247
SXTP,20250717 08:02:03.244000,0,1.76,1,1.82,2,REGULAR,REGULAR,PACF,10247
SXTP,20250717 08:02:03.246000,0,1.76,1,1.82,2,REGULAR,REGULAR,PACF,10247
SXTP,20250717 08:02:03.770000,0,1.74,2,1.82,1,REGULAR,REGULAR,PACF,10313
SXTP,20250717 08:02:04.687000,0,1.78,10,1.82,4,REGULAR,REGULAR,PACF,10241
SXTP,20250717 08:02:04.693000,0,1.74,2,1.82,5,REGULAR,REGULAR,PACF,10241
SXTP,20250717 08:02:04.693000,0,1.74,2,1.82,5,REGULAR,REGULAR,PACF,10241
SXTP,20250717 08:02:04.744000,0,1.74,1,1.82,4,REGULAR,REGULAR,EDGX,10241
SXTP,20250717 08:02:04.745000,0,1.73,2,1.78,1,REGULAR,REGULAR,PACF,10247
SXTP,20250717 08:02:04.745000,0,1.73,2,1.78,1,REGULAR,REGULAR,PACF,10247
SXTP,20250717 08:02:04.745000,0,1.73,2,1.78,1,REGULAR,REGULAR,PACF,10247
SXTP,20250717 08:02:04.745000,0,1.73,2,1.78,1,REGULAR,REGULAR,PACF,10247
SXTP,20250717 08:02:04.775000,0,1.73,2,1.77,1,REGULAR,REGULAR,PACF,10241
SXTP,20250717 08:02:04.775000,0,1.73,2,1.77,1,REGULAR,REGULAR,PACF,10241
SXTP,20250717 08:02:04.776000,0,1.73,2,1.77,1,REGULAR,REGULAR,EDGX,10241
SXTP,20250717 08:02:04.803000,0,1.73,2,1.8,1,REGULAR,REGULAR,PACF,10249
SXTP,20250717 08:02:04.803000,0,1.73,2,1.8,1,REGULAR,REGULAR,PACF,10249
SXTP,20250717 08:02:05.045000,0,1.73,2,1.81,1,REGULAR,REGULAR,EDGX,10241
SXTP,20250717 08:02:05.740000,0,1.73,5,1.81,7,REGULAR,REGULAR,EDGX,10241
SXTP,20250717 08:02:06.305000,0,1.73,5,1.74,1,REGULAR,REGULAR,EDGX,10305
SXTP,20250717 08:02:06.307000,0,1.73,5,1.74,1,REGULAR,REGULAR,EDGX,10305
SXTP,20250717 08:02:06.437000,0,1.73,5,1.74,1,REGULAR,REGULAR,EDGX,10305
SXTP,20250717 08:02:06.481000,0,1.73,5,1.74,1,REGULAR,REGULAR,EDGX,10305
SXTP,20250717 08:02:06.922000,0,1.73,4,1.74,10,REGULAR,REGULAR,EDGX,10247
SXTP,20250717 08:02:06.922000,0,1.73,4,1.74,10,REGULAR,REGULAR,EDGX,10247
SXTP,20250717 08:02:06.922000,0,1.73,4,1.74,10,REGULAR,REGULAR,EDGX,10247
SXTP,20250717 08:02:06.922000,0,1.73,4,1.74,10,REGULAR,REGULAR,EDGX,10247
SXTP,20250717 08:02:07.192000,0,1.73,4,1.74,10,REGULAR,REGULAR,EDGX,10247
SXTP,20250717 08:02:07.221000,0,1.73,4,1.74,10,REGULAR,REGULAR,EDGX,10247
SXTP,20250717 08:02:07.223000,0,1.73,4,1.74,10,REGULAR,REGULAR,EDGX,10247
SXTP,20250717 08:02:07.330000,0,1.73,4,1.74,10,REGULAR,REGULAR,EDGX,10247
SXTP,20250717 08:02:07.425000,0,1.73,4,1.74,9,REGULAR,REGULAR,EDGX,10247
SXTP,20250717 08:02:07.490000,0,1.73,4,1.74,19,REGULAR,REGULAR,EDGX,10247
SXTP,20250717 08:02:07.666000,0,1.73,4,1.74,19,REGULAR,REGULAR,EDGX,10247
SXTP,20250717 08:02:07.668000,0,1.73,4,1.74,19,REGULAR,REGULAR,EDGX,10247
SXTP,20250717 08:02:07.731000,0,1.73,4,1.74,19,REGULAR,REGULAR,EDGX,10247
SXTP,20250717 08:02:07.731000,0,1.73,4,1.74,19,REGULAR,REGULAR,EDGX,10247
SXTP,20250717 08:02:07.732000,0,1.73,4,1.74,19,REGULAR,REGULAR,EDGX,10247
SXTP,20250717 08:02:07.763000,0,1.73,4,1.74,15,REGULAR,REGULAR,EDGX,10247
SXTP,20250717 08:02:07.763000,0,1.73,4,1.74,15,REGULAR,REGULAR,EDGX,10247
SXTP,20250717 08:02:07.838000,0,1.73,4,1.74,15,REGULAR,REGULAR,EDGX,10247
SXTP,20250717 08:02:07.902000,0,1.73,4,1.74,15,REGULAR,REGULAR,EDGX,10247
SXTP,20250717 08:02:07.972000,0,1.73,2,1.74,15,REGULAR,REGULAR,PACF,10247
SXTP,20250717 08:02:07.972000,0,1.73,2,1.74,15,REGULAR,REGULAR,PACF,10247
SXTP,20250717 08:02:07.972000,0,1.73,2,1.74,15,REGULAR,REGULAR,PACF,10247
SXTP,20250717 08:02:07.974000,0,1.73,1,1.74,15,REGULAR,REGULAR,PACF,10247
SXTP,20250717 08:02:07.974000,0,1.73,1,1.74,15,REGULAR,REGULAR,PACF,10247
SXTP,20250717 08:02:08.257000,0,1.73,2,1.74,15,REGULAR,REGULAR,PACF,10247
SXTP,20250717 08:02:08.259000,0,1.72,10,1.74,17,REGULAR,REGULAR,MEMX,10247
SXTP,20250717 08:02:08.259000,0,1.72,10,1.74,17,REGULAR,REGULAR,MEMX,10247
SXTP,20250717 08:02:08.259000,0,1.72,10,1.74,17,REGULAR,REGULAR,MEMX,10247
SXTP,20250717 08:02:08.259000,0,1.72,10,1.74,17,REGULAR,REGULAR,MEMX,10247
SXTP,20250717 08:02:08.259000,0,1.72,10,1.74,17,REGULAR,REGULAR,MEMX,10247
SXTP,20250717 08:02:08.710000,0,1.7,33,1.73,1,REGULAR,REGULAR,PACF,10247
SXTP,20250717 08:02:08.710000,0,1.7,33,1.73,1,REGULAR,REGULAR,PACF,10247
SXTP,20250717 08:02:08.710000,0,1.7,33,1.73,1,REGULAR,REGULAR,PACF,10247
SXTP,20250717 08:02:08.710000,0,1.7,33,1.73,1,REGULAR,REGULAR,PACF,10247
SXTP,20250717 08:02:08.797000,0,1.7,33,1.73,1,REGULAR,REGULAR,PACF,10247
SXTP,20250717 08:02:08.946000,0,1.7,33,1.73,1,REGULAR,REGULAR,PACF,10247
SXTP,20250717 08:02:08.975000,0,1.7,33,1.73,1,REGULAR,REGULAR,PACF,10247
SXTP,20250717 08:02:09.688000,0,1.7,33,1.73,5,REGULAR,REGULAR,PACF,10241
SXTP,20250717 08:02:09.690000,0,1.7,32,1.72,2,REGULAR,REGULAR,PACF,10305
SXTP,20250717 08:02:09.690000,0,1.7,32,1.72,2,REGULAR,REGULAR,PACF,10305
SXTP,20250717 08:02:09.690000,0,1.7,32,1.72,2,REGULAR,REGULAR,PACF,10305
SXTP,20250717 08:02:09.829000,0,1.7,22,1.72,5,REGULAR,REGULAR,PACF,10241
SXTP,20250717 08:02:09.989000,0,1.7,22,1.72,1,REGULAR,REGULAR,PACF,10300
SXTP,20250717 08:02:09.989000,0,1.7,22,1.72,1,REGULAR,REGULAR,PACF,10300
SXTP,20250717 08:02:09.989000,0,1.7,22,1.72,1,REGULAR,REGULAR,PACF,10300
SXTP,20250717 08:02:09.989000,0,1.7,22,1.72,1,REGULAR,REGULAR,PACF,10300
SXTP,20250717 08:02:09.989000,0,1.7,22,1.72,1,REGULAR,REGULAR,PACF,10300
SXTP,20250717 08:02:09.989000,0,1.7,22,1.72,1,REGULAR,REGULAR,PACF,10300
SXTP,20250717 08:02:09.990000,0,1.7,22,1.73,1,REGULAR,REGULAR,PACF,10247
SXTP,20250717 08:02:09.990000,0,1.7,22,1.73,1,REGULAR,REGULAR,PACF,10247
SXTP,20250717 08:02:09.990000,0,1.7,22,1.73,1,REGULAR,REGULAR,PACF,10247
SXTP,20250717 08:02:09.990000,0,1.7,22,1.73,1,REGULAR,REGULAR,PACF,10247
SXTP,20250717 08:02:09.990000,0,1.7,22,1.73,1,REGULAR,REGULAR,PACF,10247
SXTP,20250717 08:02:09.990000,0,1.7,22,1.73,1,REGULAR,REGULAR,PACF,10247
SXTP,20250717 08:02:09.990000,0,1.7,22,1.73,1,REGULAR,REGULAR,PACF,10247
SXTP,20250717 08:02:09.991000,0,1.73,3,1.74,16,REGULAR,REGULAR,EDGX,10247
SXTP,20250717 08:02:09.991000,0,1.73,3,1.74,16,REGULAR,REGULAR,EDGX,10247
SXTP,20250717 08:02:09.991000,0,1.73,3,1.74,16,REGULAR,REGULAR,EDGX,10247
SXTP,20250717 08:02:09.991000,0,1.73,3,1.74,16,REGULAR,REGULAR,EDGX,10247
SXTP,20250717 08:02:09.991000,0,1.73,3,1.74,16,REGULAR,REGULAR,EDGX,10247
SXTP,20250717 08:02:09.991000,0,1.73,3,1.74,16,REGULAR,REGULAR,EDGX,10247
SXTP,20250717 08:02:09.991000,0,1.73,3,1.74,16,REGULAR,REGULAR,EDGX,10247
SXTP,20250717 08:02:09.991000,0,1.73,3,1.74,16,REGULAR,REGULAR,EDGX,10247
SXTP,20250717 08:02:09.991000,0,1.73,3,1.74,16,REGULAR,REGULAR,EDGX,10247
SXTP,20250717 08:02:09.991000,0,1.73,3,1.74,16,REGULAR,REGULAR,EDGX,10247
SXTP,20250717 08:02:09.991000,0,1.73,3,1.74,16,REGULAR,REGULAR,EDGX,10247
SXTP,20250717 08:02:10.094000,0,1.73,3,1.74,16,REGULAR,REGULAR,EDGX,10247
SXTP,20250717 08:02:10.149000,0,1.73,3,1.74,16,REGULAR,REGULAR,EDGX,10247
SXTP,20250717 08:02:10.607000,0,1.72,1,1.74,15,REGULAR,REGULAR,PACF,10247
SXTP,20250717 08:02:10.758000,0,1.71,2,1.74,16,REGULAR,REGULAR,PACF,10247
SXTP,20250717 08:02:10.758000,0,1.71,2,1.74,16,REGULAR,REGULAR,PACF,10247
SXTP,20250717 08:02:10.939000,0,1.71,2,1.74,16,REGULAR,REGULAR,PACF,10247
SXTP,20250717 08:02:11.585000,0,1.71,1,1.74,16,REGULAR,REGULAR,PACF,10247
SXTP,20250717 08:02:12.256000,0,1.71,1,1.74,16,REGULAR,REGULAR,PACF,10247
SXTP,20250717 08:02:12.406000,0,1.71,1,1.74,3,REGULAR,REGULAR,PACF,10247
SXTP,20250717 08:02:12.406000,0,1.71,1,1.74,3,REGULAR,REGULAR,PACF,10247
SXTP,20250717 08:02:12.406000,0,1.71,1,1.74,3,REGULAR,REGULAR,PACF,10247
SXTP,20250717 08:02:13.265000,0,1.7,22,1.74,2,REGULAR,REGULAR,PACF,10247
SXTP,20250717 08:02:13.458000,0,1.72,1,1.74,2,REGULAR,REGULAR,NQEX,10247
SXTP,20250717 08:02:13.995000,0,1.72,3,1.74,2,REGULAR,REGULAR,PACF,10247
SXTP,20250717 08:02:14.241000,0,1.72,3,1.74,1,REGULAR,REGULAR,PACF,10313
SXTP,20250717 08:02:14.302000,0,1.72,3,1.74,3,REGULAR,REGULAR,PACF,10313
SXTP,20250717 08:02:14.303000,0,1.72,3,1.74,3,REGULAR,REGULAR,PACF,10313
SXTP,20250717 08:02:14.598000,0,1.7,22,1.73,3,REGULAR,REGULAR,PACF,10247
SXTP,20250717 08:02:15.748000,0,1.72,19,1.73,5,REGULAR,REGULAR,PACF,10241
SXTP,20250717 08:02:16.255000,0,1.72,19,1.73,5,REGULAR,REGULAR,PACF,10241
SXTP,20250717 08:02:16.559000,0,1.72,19,1.77,4,REGULAR,REGULAR,PACF,10304
SXTP,20250717 08:02:16.559000,0,1.72,19,1.77,4,REGULAR,REGULAR,PACF,10304
SXTP,20250717 08:02:16.559000,0,1.72,19,1.77,4,REGULAR,REGULAR,PACF,10304
SXTP,20250717 08:02:16.559000,0,1.72,19,1.77,4,REGULAR,REGULAR,PACF,10304
SXTP,20250717 08:02:16.559000,0,1.72,19,1.77,4,REGULAR,REGULAR,PACF,10304
SXTP,20250717 08:02:16.560000,0,1.72,19,1.77,4,REGULAR,REGULAR,PACF,10304
SXTP,20250717 08:02:16.561000,0,1.73,12,1.77,4,REGULAR,REGULAR,EDGX,10304
SXTP,20250717 08:02:16.561000,0,1.73,12,1.77,4,REGULAR,REGULAR,EDGX,10304
SXTP,20250717 08:02:16.561000,0,1.73,12,1.77,4,REGULAR,REGULAR,EDGX,10304
SXTP,20250717 08:02:16.562000,0,1.73,12,1.77,4,REGULAR,REGULAR,EDGX,10304
SXTP,20250717 08:02:16.592000,0,1.73,12,1.77,4,REGULAR,REGULAR,EDGX,10304
SXTP,20250717 08:02:17.415000,0,1.73,12,1.75,1,REGULAR,REGULAR,EDGX,10247
SXTP,20250717 08:02:17.415000,0,1.73,12,1.75,1,REGULAR,REGULAR,EDGX,10247
SXTP,20250717 08:02:17.417000,0,1.73,12,1.75,1,REGULAR,REGULAR,EDGX,10313
SXTP,20250717 08:02:17.417000,0,1.73,12,1.75,1,REGULAR,REGULAR,EDGX,10313
SXTP,20250717 08:02:17.441000,0,1.73,12,1.75,1,REGULAR,REGULAR,EDGX,10313
SXTP,20250717 08:02:17.600000,0,1.73,1,1.75,3,REGULAR,REGULAR,PACF,10247
SXTP,20250717 08:02:17.600000,0,1.73,1,1.75,3,REGULAR,REGULAR,PACF,10247
SXTP,20250717 08:02:17.600000,0,1.73,1,1.75,3,REGULAR,REGULAR,PACF,10247
SXTP,20250717 08:02:17.600000,0,1.73,1,1.75,3,REGULAR,REGULAR,PACF,10247
SXTP,20250717 08:02:17.600000,0,1.73,1,1.75,3,REGULAR,REGULAR,PACF,10247
SXTP,20250717 08:02:17.600000,0,1.73,1,1.75,3,REGULAR,REGULAR,PACF,10247
SXTP,20250717 08:02:17.602000,0,1.72,19,1.74,4,REGULAR,REGULAR,PACF,10247
SXTP,20250717 08:02:17.645000,0,1.72,19,1.74,4,REGULAR,REGULAR,PACF,10247
SXTP,20250717 08:02:17.852000,0,1.72,18,1.74,5,REGULAR,REGULAR,PACF,10247
SXTP,20250717 08:02:17.852000,0,1.72,18,1.74,5,REGULAR,REGULAR,PACF,10247
SXTP,20250717 08:02:17.852000,0,1.72,18,1.74,5,REGULAR,REGULAR,PACF,10247
SXTP,20250717 08:02:17.852000,0,1.72,18,1.74,5,REGULAR,REGULAR,PACF,10247
SXTP,20250717 08:02:17.897000,0,1.72,18,1.74,4,REGULAR,REGULAR,PACF,10247
SXTP,20250717 08:02:18.728000,0,1.72,18,1.74,2,REGULAR,REGULAR,PACF,10247
SXTP,20250717 08:02:18.729000,0,1.72,15,1.74,2,REGULAR,REGULAR,PACF,10247
SXTP,20250717 08:02:19.435000,0,1.72,15,1.74,2,REGULAR,REGULAR,PACF,10247
SXTP,20250717 08:02:20.470000,0,1.72,15,1.73,20,REGULAR,REGULAR,PACF,10305
SXTP,20250717 08:02:20.702000,0,1.72,10,1.73,20,REGULAR,REGULAR,PACF,10305
SXTP,20250717 08:02:20.702000,0,1.72,10,1.73,20,REGULAR,REGULAR,PACF,10305
SXTP,20250717 08:02:20.704000,0,1.7,22,1.73,20,REGULAR,REGULAR,PACF,10305
SXTP,20250717 08:02:20.704000,0,1.7,22,1.73,20,REGULAR,REGULAR,PACF,10305
SXTP,20250717 08:02:20.704000,0,1.7,22,1.73,20,REGULAR,REGULAR,PACF,10305
SXTP,20250717 08:02:20.704000,0,1.7,22,1.73,20,REGULAR,REGULAR,PACF,10305
SXTP,20250717 08:02:20.808000,0,1.7,22,1.72,5,REGULAR,REGULAR,PACF,10241
SXTP,20250717 08:02:21.257000,0,1.7,21,1.72,5,REGULAR,REGULAR,PACF,10241
SXTP,20250717 08:02:21.309000,0,1.7,19,1.72,5,REGULAR,REGULAR,PACF,10241
SXTP,20250717 08:02:21.917000,0,1.7,16,1.72,5,REGULAR,REGULAR,PACF,10241
SXTP,20250717 08:02:21.917000,0,1.7,16,1.72,5,REGULAR,REGULAR,PACF,10241
SXTP,20250717 08:02:21.917000,0,1.7,16,1.72,5,REGULAR,REGULAR,PACF,10241
SXTP,20250717 08:02:21.973000,0,1.7,6,1.72,5,REGULAR,REGULAR,PACF,10241
SXTP,20250717 08:02:22.708000,0,1.7,6,1.72,5,REGULAR,REGULAR,PACF,10241
SXTP,20250717 08:02:22.710000,0,1.7,4,1.72,5,REGULAR,REGULAR,PACF,10241
SXTP,20250717 08:02:22.710000,0,1.7,4,1.72,5,REGULAR,REGULAR,PACF,10241
SXTP,20250717 08:02:22.787000,0,1.7,4,1.72,5,REGULAR,REGULAR,PACF,10241
SXTP,20250717 08:02:22.788000,0,1.7,1,1.72,5,REGULAR,REGULAR,PACF,10241
SXTP,20250717 08:02:22.788000,0,1.7,1,1.72,5,REGULAR,REGULAR,PACF,10241
SXTP,20250717 08:02:22.788000,0,1.7,1,1.72,5,REGULAR,REGULAR,PACF,10241
SXTP,20250717 08:02:22.788000,0,1.7,1,1.72,5,REGULAR,REGULAR,PACF,10241
SXTP,20250717 08:02:22.815000,0,1.7,1,1.72,5,REGULAR,REGULAR,PACF,10241
SXTP,20250717 08:02:22.987000,0,1.7,1,1.72,5,REGULAR,REGULAR,PACF,10241
SXTP,20250717 08:02:23.126000,0,1.7,1,1.72,5,REGULAR,REGULAR,PACF,10241
SXTP,20250717 08:02:23.214000,0,1.7,1,1.72,5,REGULAR,REGULAR,PACF,10241
SXTP,20250717 08:02:23.653000,0,1.7,1,1.72,5,REGULAR,REGULAR,PACF,10241
SXTP,20250717 08:02:23.946000,0,1.7,1,1.72,5,REGULAR,REGULAR,PACF,10241
SXTP,20250717 08:02:24.090000,0,1.7,1,1.72,5,REGULAR,REGULAR,PACF,10241
SXTP,20250717 08:02:24.243000,0,1.7,1,1.72,5,REGULAR,REGULAR,PACF,10241
SXTP,20250717 08:02:24.359000,0,1.7,1,1.72,5,REGULAR,REGULAR,PACF,10241
SXTP,20250717 08:02:24.594000,0,1.7,1,1.72,5,REGULAR,REGULAR,PACF,10241
SXTP,20250717 08:02:24.629000,0,1.69,4,1.72,5,REGULAR,REGULAR,PACF,10241
SXTP,20250717 08:02:24.631000,0,1.69,4,1.72,5,REGULAR,REGULAR,PACF,10241
SXTP,20250717 08:02:24.634000,0,1.66,1,1.72,5,REGULAR,REGULAR,NQEX,10241
SXTP,20250717 08:02:24.636000,0,1.66,1,1.72,5,REGULAR,REGULAR,NQEX,10241
SXTP,20250717 08:02:24.785000,0,1.66,1,1.72,5,REGULAR,REGULAR,NQEX,10241
SXTP,20250717 08:02:25.306000,0,1.7,1,1.72,5,REGULAR,REGULAR,PACF,10241
SXTP,20250717 08:02:25.828000,0,1.66,1,1.72,5,REGULAR,REGULAR,NQEX,10241
SXTP,20250717 08:02:25.834000,0,1.66,1,1.71,3,REGULAR,REGULAR,NQEX,10247
SXTP,20250717 08:02:25.838000,0,1.66,1,1.71,3,REGULAR,REGULAR,NQEX,10247
SXTP,20250717 08:02:25.841000,0,1.66,1,1.71,3,REGULAR,REGULAR,NQEX,10247
SXTP,20250717 08:02:25.842000,0,1.66,1,1.71,3,REGULAR,REGULAR,NQEX,10247
SXTP,20250717 08:02:25.844000,0,1.66,1,1.71,3,REGULAR,REGULAR,NQEX,10247
SXTP,20250717 08:02:25.938000,0,1.66,1,1.71,5,REGULAR,REGULAR,NQEX,10241
SXTP,20250717 08:02:26.274000,0,1.66,1,1.71,5,REGULAR,REGULAR,NQEX,10241
SXTP,20250717 08:02:26.491000,0,1.66,1,1.71,5,REGULAR,REGULAR,NQEX,10241
SXTP,20250717 08:02:27.385000,0,1.66,1,1.71,5,REGULAR,REGULAR,NQEX,10241
SXTP,20250717 08:02:27.387000,0,1.65,10,1.68,1,REGULAR,REGULAR,PACF,10241
SXTP,20250717 08:02:27.387000,0,1.65,10,1.68,1,REGULAR,REGULAR,PACF,10241
SXTP,20250717 08:02:27.389000,0,1.65,10,1.67,2,REGULAR,REGULAR,PACF,10241
SXTP,20250717 08:02:27.392000,0,1.65,2,1.67,2,REGULAR,REGULAR,PACF,10241
SXTP,20250717 08:02:27.392000,0,1.65,2,1.67,2,REGULAR,REGULAR,PACF,10241
SXTP,20250717 08:02:27.392000,0,1.65,2,1.67,2,REGULAR,REGULAR,PACF,10241
SXTP,20250717 08:02:27.448000,0,1.65,2,1.67,2,REGULAR,REGULAR,PACF,10241
SXTP,20250717 08:02:27.489000,0,1.65,2,1.67,2,REGULAR,REGULAR,PACF,10241
SXTP,20250717 08:02:28.221000,0,1.64,10,1.68,1,REGULAR,REGULAR,MEMX,10241
SXTP,20250717 08:02:28.221000,0,1.64,10,1.68,1,REGULAR,REGULAR,MEMX,10241
SXTP,20250717 08:02:28.223000,0,1.64,10,1.65,7,REGULAR,REGULAR,MEMX,10241
SXTP,20250717 08:02:28.223000,0,1.64,10,1.65,7,REGULAR,REGULAR,MEMX,10241
SXTP,20250717 08:02:28.445000,0,1.63,5,1.7,5,REGULAR,REGULAR,PACF,10241
SXTP,20250717 08:02:28.445000,0,1.63,5,1.7,5,REGULAR,REGULAR,PACF,10241
SXTP,20250717 08:02:28.783000,0,1.63,5,1.69,1,REGULAR,REGULAR,PACF,10241
SXTP,20250717 08:02:28.784000,0,1.63,5,1.69,1,REGULAR,REGULAR,PACF,10241
SXTP,20250717 08:02:28.786000,0,1.63,5,1.67,1,REGULAR,REGULAR,PACF,10305
SXTP,20250717 08:02:28.789000,0,1.63,2,1.67,1,REGULAR,REGULAR,PACF,10305
SXTP,20250717 08:02:28.811000,0,1.63,2,1.67,1,REGULAR,REGULAR,PACF,10305
SXTP,20250717 08:02:29.062000,0,1.63,2,1.64,20,REGULAR,REGULAR,PACF,10247
SXTP,20250717 08:02:29.062000,0,1.63,2,1.64,20,REGULAR,REGULAR,PACF,10247
SXTP,20250717 08:02:29.163000,0,1.63,2,1.64,20,REGULAR,REGULAR,PACF,10247
SXTP,20250717 08:02:29.424000,0,1.62,1,1.64,21,REGULAR,REGULAR,PACF,10247
SXTP,20250717 08:02:29.813000,0,1.62,1,1.63,2,REGULAR,REGULAR,PACF,10241
SXTP,20250717 08:02:30.234000,0,1.62,1,1.63,10,REGULAR,REGULAR,PACF,10313
SXTP,20250717 08:02:30.236000,0,1.62,1,1.63,10,REGULAR,REGULAR,PACF,10313
SXTP,20250717 08:02:30.476000,0,1.62,1,1.63,10,REGULAR,REGULAR,PACF,10313
SXTP,20250717 08:02:30.476000,0,1.62,1,1.63,10,REGULAR,REGULAR,PACF,10313
SXTP,20250717 08:02:30.478000,0,1.62,1,1.63,10,REGULAR,REGULAR,PACF,10313
SXTP,20250717 08:02:30.626000,0,1.62,1,1.64,21,REGULAR,REGULAR,PACF,10247
SXTP,20250717 08:02:30.626000,0,1.62,1,1.64,21,REGULAR,REGULAR,PACF,10247
SXTP,20250717 08:02:30.626000,0,1.62,1,1.64,21,REGULAR,REGULAR,PACF,10247
SXTP,20250717 08:02:30.626000,0,1.62,1,1.64,21,REGULAR,REGULAR,PACF,10247
SXTP,20250717 08:02:30.626000,0,1.62,1,1.64,21,REGULAR,REGULAR,PACF,10247
SXTP,20250717 08:02:30.708000,0,1.63,1,1.64,21,REGULAR,REGULAR,EDGX,10247
SXTP,20250717 08:02:30.709000,0,1.62,1,1.64,21,REGULAR,REGULAR,PACF,10247
SXTP,20250717 08:02:30.709000,0,1.62,1,1.64,21,REGULAR,REGULAR,PACF,10247
SXTP,20250717 08:02:30.713000,0,1.61,9,1.64,21,REGULAR,REGULAR,EDGE,10247
SXTP,20250717 08:02:30.783000,0,1.61,9,1.64,19,REGULAR,REGULAR,EDGE,10247
SXTP,20250717 08:02:30.783000,0,1.61,9,1.64,19,REGULAR,REGULAR,EDGE,10247
SXTP,20250717 08:02:30.783000,0,1.61,9,1.64,19,REGULAR,REGULAR,EDGE,10247
SXTP,20250717 08:02:30.824000,0,1.63,3,1.68,2,REGULAR,REGULAR,PACF,10247
SXTP,20250717 08:02:30.824000,0,1.63,3,1.68,2,REGULAR,REGULAR,PACF,10247
SXTP,20250717 08:02:30.824000,0,1.63,3,1.68,2,REGULAR,REGULAR,PACF,10247
SXTP,20250717 08:02:30.824000,0,1.63,3,1.68,2,REGULAR,REGULAR,PACF,10247
SXTP,20250717 08:02:31.585000,0,1.63,2,1.71,1,REGULAR,REGULAR,PACF,10305
SXTP,20250717 08:02:32.565000,0,1.63,1,1.71,5,REGULAR,REGULAR,PACF,10241
SXTP,20250717 08:02:34.786000,0,1.61,9,1.71,5,REGULAR,REGULAR,EDGE,10241
SXTP,20250717 08:02:35.048000,0,1.61,9,1.71,5,REGULAR,REGULAR,EDGE,10241
SXTP,20250717 08:02:35.048000,0,1.61,9,1.71,5,REGULAR,REGULAR,EDGE,10241
SXTP,20250717 08:02:35.210000,0,1.61,9,1.71,5,REGULAR,REGULAR,EDGE,10241
SXTP,20250717 08:02:35.882000,0,1.7,8,1.71,5,REGULAR,REGULAR,PACF,10241
SXTP,20250717 08:02:36.055000,0,1.7,8,1.71,5,REGULAR,REGULAR,PACF,10241
SXTP,20250717 08:02:36.105000,0,1.7,8,1.71,5,REGULAR,REGULAR,PACF,10241
SXTP,20250717 08:02:36.591000,0,1.7,8,1.71,5,REGULAR,REGULAR,PACF,10303
SXTP,20250717 08:02:36.680000,0,1.7,1,1.71,5,REGULAR,REGULAR,PACF,10303
SXTP,20250717 08:02:36.937000,0,1.7,1,1.71,5,REGULAR,REGULAR,PACF,10303
SXTP,20250717 08:02:36.938000,0,1.7,1,1.71,5,REGULAR,REGULAR,PACF,10303
SXTP,20250717 08:02:36.938000,0,1.7,1,1.71,5,REGULAR,REGULAR,PACF,10303
SXTP,20250717 08:02:36.938000,0,1.7,1,1.71,5,REGULAR,REGULAR,PACF,10303
SXTP,20250717 08:02:36.940000,0,1.7,1,1.72,1,REGULAR,REGULAR,PACF,10305
SXTP,20250717 08:02:36.940000,0,1.7,1,1.72,1,REGULAR,REGULAR,PACF,10305
SXTP,20250717 08:02:36.940000,0,1.7,1,1.72,1,REGULAR,REGULAR,PACF,10305
SXTP,20250717 08:02:36.940000,0,1.7,1,1.72,1,REGULAR,REGULAR,PACF,10305
SXTP,20250717 08:02:36.940000,0,1.7,1,1.72,1,REGULAR,REGULAR,PACF,10305
SXTP,20250717 08:02:39.775000,0,1.7,2,1.72,1,REGULAR,REGULAR,PACF,10305
SXTP,20250717 08:02:42.099000,0,1.7,2,1.72,1,REGULAR,REGULAR,PACF,10305
SXTP,20250717 08:02:42.601000,0,1.7,2,1.72,1,REGULAR,REGULAR,PACF,10305
SXTP,20250717 08:02:43.727000,0,1.7,2,1.72,1,REGULAR,REGULAR,NQEX,10305
SXTP,20250717 08:02:43.990000,0,1.7,2,1.72,1,REGULAR,REGULAR,NQEX,10305
SXTP,20250717 08:02:44.580000,0,1.7,2,1.72,1,REGULAR,REGULAR,NQEX,10305
SXTP,20250717 08:02:46.973000,0,1.7,2,1.71,1,REGULAR,REGULAR,NQEX,10241
SXTP,20250717 08:02:47.697000,0,1.7,2,1.71,1,REGULAR,REGULAR,PACF,10241
SXTP,20250717 08:02:47.698000,0,1.66,1,1.71,1,REGULAR,REGULAR,PACF,10241
SXTP,20250717 08:02:47.698000,0,1.66,1,1.71,1,REGULAR,REGULAR,PACF,10241
SXTP,20250717 08:02:53.189000,0,1.65,11,1.7,15,REGULAR,REGULAR,EDGX,10247
SXTP,20250717 08:02:54.753000,0,1.64,5,1.7,15,REGULAR,REGULAR,PACF,10247
SXTP,20250717 08:02:54.753000,0,1.64,5,1.7,15,REGULAR,REGULAR,PACF,10247
SXTP,20250717 08:02:54.753000,0,1.64,5,1.7,15,REGULAR,REGULAR,PACF,10247
SXTP,20250717 08:02:54.753000,0,1.64,5,1.7,15,REGULAR,REGULAR,PACF,10247
SXTP,20250717 08:02:54.753000,0,1.64,5,1.7,15,REGULAR,REGULAR,PACF,10247
SXTP,20250717 08:02:54.754000,0,1.61,11,1.65,2,REGULAR,REGULAR,PACF,10241
SXTP,20250717 08:02:54.754000,0,1.61,11,1.65,2,REGULAR,REGULAR,PACF,10241
SXTP,20250717 08:02:54.754000,0,1.61,11,1.65,2,REGULAR,REGULAR,PACF,10241
SXTP,20250717 08:02:54.754000,0,1.61,11,1.65,2,REGULAR,REGULAR,PACF,10241
SXTP,20250717 08:02:54.754000,0,1.61,11,1.65,2,REGULAR,REGULAR,PACF,10241
SXTP,20250717 08:02:54.754000,0,1.61,11,1.65,2,REGULAR,REGULAR,PACF,10241
SXTP,20250717 08:02:54.754000,0,1.61,11,1.65,2,REGULAR,REGULAR,PACF,10241
SXTP,20250717 08:02:54.754000,0,1.61,11,1.65,2,REGULAR,REGULAR,PACF,10241
SXTP,20250717 08:02:54.754000,0,1.61,11,1.65,2,REGULAR,REGULAR,PACF,10241
SXTP,20250717 08:02:54.754000,0,1.61,11,1.65,2,REGULAR,REGULAR,PACF,10241
SXTP,20250717 08:02:54.755000,0,1.61,11,1.63,35,REGULAR,REGULAR,PACF,10313
SXTP,20250717 08:02:54.755000,0,1.61,11,1.63,35,REGULAR,REGULAR,PACF,10313
SXTP,20250717 08:02:54.755000,0,1.61,11,1.63,35,REGULAR,REGULAR,PACF,10313
SXTP,20250717 08:02:54.755000,0,1.61,11,1.63,35,REGULAR,REGULAR,PACF,10313
SXTP,20250717 08:02:54.755000,0,1.61,11,1.63,35,REGULAR,REGULAR,PACF,10313
SXTP,20250717 08:02:54.872000,0,1.61,11,1.63,35,REGULAR,REGULAR,PACF,10313
SXTP,20250717 08:02:55.399000,0,1.61,15,1.63,35,REGULAR,REGULAR,PACF,10313
SXTP,20250717 08:02:55.428000,0,1.61,15,1.63,33,REGULAR,REGULAR,PACF,10313
SXTP,20250717 08:02:55.428000,0,1.61,15,1.63,33,REGULAR,REGULAR,PACF,10313
SXTP,20250717 08:02:55.428000,0,1.61,15,1.63,33,REGULAR,REGULAR,PACF,10313
SXTP,20250717 08:02:55.922000,0,1.61,15,1.63,33,REGULAR,REGULAR,PACF,10313
SXTP,20250717 08:02:55.922000,0,1.61,15,1.63,33,REGULAR,REGULAR,PACF,10313
SXTP,20250717 08:02:55.922000,0,1.61,15,1.63,33,REGULAR,REGULAR,PACF,10313
SXTP,20250717 08:02:55.922000,0,1.61,15,1.63,33,REGULAR,REGULAR,PACF,10313
SXTP,20250717 08:02:55.923000,0,1.61,15,1.63,33,REGULAR,REGULAR,PACF,10313
SXTP,20250717 08:02:55.923000,0,1.61,15,1.63,33,REGULAR,REGULAR,PACF,10313
SXTP,20250717 08:02:57.069000,0,1.61,9,1.63,33,REGULAR,REGULAR,EDGE,10313
SXTP,20250717 08:02:57.069000,0,1.61,9,1.63,33,REGULAR,REGULAR,EDGE,10313
SXTP,20250717 08:02:57.606000,0,1.61,10,1.63,33,REGULAR,REGULAR,PACF,10313
SXTP,20250717 08:02:58.122000,0,1.61,10,1.63,33,REGULAR,REGULAR,PACF,10313
SXTP,20250717 08:02:58.357000,0,1.61,14,1.63,32,REGULAR,REGULAR,PACF,10313
SXTP,20250717 08:02:58.357000,0,1.61,14,1.63,32,REGULAR,REGULAR,PACF,10313
SXTP,20250717 08:02:58.505000,0,1.61,14,1.63,32,REGULAR,REGULAR,PACF,10313
SXTP,20250717 08:02:58.542000,0,1.61,14,1.63,31,REGULAR,REGULAR,PACF,10313
SXTP,20250717 08:02:58.549000,0,1.61,14,1.63,29,REGULAR,REGULAR,PACF,10313
SXTP,20250717 08:02:58.714000,0,1.61,14,1.63,29,REGULAR,REGULAR,PACF,10313
SXTP,20250717 08:02:58.814000,0,1.61,14,1.63,29,REGULAR,REGULAR,PACF,10313
SXTP,20250717 08:02:59.172000,0,1.61,18,1.63,29,REGULAR,REGULAR,PACF,10313
SXTP,20250717 08:02:59.172000,0,1.61,18,1.63,29,REGULAR,REGULAR,PACF,10313
SXTP,20250717 08:02:59.183000,0,1.61,18,1.62,4,REGULAR,REGULAR,PACF,10241
SXTP,20250717 08:02:59.493000,0,1.62,9,1.63,29,REGULAR,REGULAR,NQEX,10313
SXTP,20250717 08:02:59.644000,0,1.62,9,1.63,29,REGULAR,REGULAR,PACF,10313
SXTP,20250717 08:03:00.091000,0,1.62,9,1.63,27,REGULAR,REGULAR,EDGE,10313
SXTP,20250717 08:03:00.091000,0,1.62,9,1.63,27,REGULAR,REGULAR,EDGE,10313
SXTP,20250717 08:03:00.546000,0,1.62,9,1.63,23,REGULAR,REGULAR,EDGE,10313
SXTP,20250717 08:03:00.568000,0,1.62,9,1.63,19,REGULAR,REGULAR,EDGE,10313
SXTP,20250717 08:03:01.599000,0,1.62,9,1.63,2,REGULAR,REGULAR,EDGE,10305
SXTP,20250717 08:03:01.599000,0,1.62,9,1.63,2,REGULAR,REGULAR,EDGE,10305
SXTP,20250717 08:03:01.600000,0,1.62,9,1.63,2,REGULAR,REGULAR,EDGE,10305
SXTP,20250717 08:03:01.601000,0,1.62,9,1.63,2,REGULAR,REGULAR,EDGE,10305
SXTP,20250717 08:03:01.605000,0,1.62,9,1.66,2,REGULAR,REGULAR,EDGE,10247
SXTP,20250717 08:03:04.058000,0,1.62,10,1.69,5,REGULAR,REGULAR,EDGX,10241
SXTP,20250717 08:03:04.123000,0,1.62,10,1.69,5,REGULAR,REGULAR,EDGX,10241
SXTP,20250717 08:03:04.629000,0,1.62,10,1.69,5,REGULAR,REGULAR,EDGX,10241
SXTP,20250717 08:03:04.826000,0,1.63,1,1.69,5,REGULAR,REGULAR,BATS,10241
SXTP,20250717 08:03:05.700000,0,1.66,1,1.69,5,REGULAR,REGULAR,NQEX,10241
SXTP,20250717 08:03:05.700000,0,1.66,1,1.69,5,REGULAR,REGULAR,NQEX,10241
SXTP,20250717 08:03:05.700000,0,1.66,1,1.69,5,REGULAR,REGULAR,NQEX,10241
SXTP,20250717 08:03:05.700000,0,1.66,1,1.69,5,REGULAR,REGULAR,NQEX,10241
SXTP,20250717 08:03:05.700000,0,1.66,1,1.69,5,REGULAR,REGULAR,NQEX,10241
SXTP,20250717 08:03:05.779000,0,1.64,2,1.69,5,REGULAR,REGULAR,EDGX,10241
SXTP,20250717 08:03:05.779000,0,1.64,2,1.69,5,REGULAR,REGULAR,EDGX,10241
SXTP,20250717 08:03:05.779000,0,1.64,2,1.69,5,REGULAR,REGULAR,EDGX,10241
SXTP,20250717 08:03:05.779000,0,1.64,2,1.69,5,REGULAR,REGULAR,EDGX,10241
SXTP,20250717 08:03:05.779000,0,1.64,2,1.69,5,REGULAR,REGULAR,EDGX,10241
SXTP,20250717 08:03:06.313000,0,1.64,1,1.69,5,REGULAR,REGULAR,EDGX,10241
SXTP,20250717 08:03:06.314000,0,1.64,1,1.69,5,REGULAR,REGULAR,EDGX,10241
SXTP,20250717 08:03:06.314000,0,1.64,1,1.69,5,REGULAR,REGULAR,EDGX,10241
SXTP,20250717 08:03:06.315000,0,1.64,1,1.65,1,REGULAR,REGULAR,EDGX,10241
SXTP,20250717 08:03:06.571000,0,1.64,1,1.69,5,REGULAR,REGULAR,EDGX,10241
SXTP,20250717 08:03:06.571000,0,1.64,1,1.69,5,REGULAR,REGULAR,EDGX,10241
SXTP,20250717 08:03:06.571000,0,1.64,1,1.69,5,REGULAR,REGULAR,EDGX,10241
SXTP,20250717 08:03:08.900000,0,1.64,1,1.65,6,REGULAR,REGULAR,EDGX,10241
SXTP,20250717 08:03:09.312000,0,1.64,1,1.65,5,REGULAR,REGULAR,EDGX,10241
SXTP,20250717 08:03:09.790000,0,1.64,1,1.65,6,REGULAR,REGULAR,EDGX,10241
SXTP,20250717 08:03:09.862000,0,1.64,1,1.65,5,REGULAR,REGULAR,EDGX,10241
SXTP,20250717 08:03:10.089000,0,1.64,1,1.65,4,REGULAR,REGULAR,EDGX,10241
SXTP,20250717 08:03:10.411000,0,1.64,1,1.65,4,REGULAR,REGULAR,EDGX,10241
SXTP,20250717 08:03:10.583000,0,1.64,1,1.65,3,REGULAR,REGULAR,EDGX,10241
SXTP,20250717 08:03:11.203000,0,1.64,1,1.65,3,REGULAR,REGULAR,EDGX,10241
SXTP,20250717 08:03:13.642000,0,1.64,1,1.65,3,REGULAR,REGULAR,EDGX,10241
SXTP,20250717 08:03:14.293000,0,1.64,1,1.65,3,REGULAR,REGULAR,EDGX,10241
SXTP,20250717 08:03:14.730000,0,1.64,1,1.65,3,REGULAR,REGULAR,EDGX,10241
SXTP,20250717 08:03:15.675000,0,1.63,7,1.65,3,REGULAR,REGULAR,PACF,10241
SXTP,20250717 08:03:15.675000,0,1.63,7,1.65,3,REGULAR,REGULAR,PACF,10241
SXTP,20250717 08:03:15.675000,0,1.63,7,1.65,3,REGULAR,REGULAR,PACF,10241
SXTP,20250717 08:03:15.675000,0,1.63,7,1.65,3,REGULAR,REGULAR,PACF,10241
SXTP,20250717 08:03:15.681000,0,1.63,7,1.65,3,REGULAR,REGULAR,PACF,10241
SXTP,20250717 08:03:15.681000,0,1.63,7,1.65,3,REGULAR,REGULAR,PACF,10241
SXTP,20250717 08:03:15.681000,0,1.63,7,1.65,3,REGULAR,REGULAR,PACF,10241
SXTP,20250717 08:03:15.683000,0,1.63,7,1.65,3,REGULAR,REGULAR,PACF,10241
SXTP,20250717 08:03:15.684000,0,1.63,7,1.65,3,REGULAR,REGULAR,PACF,10241
SXTP,20250717 08:03:15.685000,0,1.63,7,1.65,3,REGULAR,REGULAR,PACF,10241
SXTP,20250717 08:03:15.686000,0,1.63,7,1.65,3,REGULAR,REGULAR,PACF,10241
SXTP,20250717 08:03:15.687000,0,1.63,2,1.65,3,REGULAR,REGULAR,PACF,10241
SXTP,20250717 08:03:15.792000,0,1.63,2,1.65,3,REGULAR,REGULAR,PACF,10241
SXTP,20250717 08:03:16.682000,0,1.63,1,1.64,3,REGULAR,REGULAR,MIAX,10247
SXTP,20250717 08:03:16.682000,0,1.63,1,1.64,3,REGULAR,REGULAR,MIAX,10247
SXTP,20250717 08:03:16.682000,0,1.63,1,1.64,3,REGULAR,REGULAR,MIAX,10247
SXTP,20250717 08:03:16.773000,0,1.62,10,1.64,3,REGULAR,REGULAR,EDGX,10247
SXTP,20250717 08:03:16.773000,0,1.62,10,1.64,3,REGULAR,REGULAR,EDGX,10247
SXTP,20250717 08:03:16.773000,0,1.62,10,1.64,3,REGULAR,REGULAR,EDGX,10247
SXTP,20250717 08:03:21.327000,0,1.63,2,1.65,1,REGULAR,REGULAR,PACF,10241
SXTP,20250717 08:03:21.327000,0,1.63,2,1.65,1,REGULAR,REGULAR,PACF,10241
SXTP,20250717 08:03:21.328000,0,1.63,2,1.65,1,REGULAR,REGULAR,PACF,10241
SXTP,20250717 08:03:22.965000,0,1.63,2,1.65,1,REGULAR,REGULAR,PACF,10241
SXTP,20250717 08:03:23.013000,0,1.64,2,1.65,1,REGULAR,REGULAR,NQEX,10247
SXTP,20250717 08:03:23.014000,0,1.64,3,1.65,1,REGULAR,REGULAR,PACF,10241
SXTP,20250717 08:03:23.014000,0,1.64,3,1.65,1,REGULAR,REGULAR,PACF,10241
SXTP,20250717 08:03:23.111000,0,1.64,3,1.65,1,REGULAR,REGULAR,PACF,10241
SXTP,20250717 08:03:23.111000,0,1.64,3,1.65,1,REGULAR,REGULAR,PACF,10241
SXTP,20250717 08:03:25.987000,0,1.64,1,1.65,1,REGULAR,REGULAR,NQEX,10241
SXTP,20250717 08:03:27.739000,0,1.64,1,1.66,10,REGULAR,REGULAR,NQEX,10247
SXTP,20250717 08:03:27.739000,0,1.64,1,1.66,10,REGULAR,REGULAR,NQEX,10247
SXTP,20250717 08:03:27.739000,0,1.64,1,1.66,10,REGULAR,REGULAR,NQEX,10247
SXTP,20250717 08:03:29.179000,0,1.64,1,1.66,10,REGULAR,REGULAR,PACF,10247
SXTP,20250717 08:03:29.179000,0,1.64,1,1.66,10,REGULAR,REGULAR,PACF,10247
SXTP,20250717 08:03:29.179000,0,1.64,1,1.66,10,REGULAR,REGULAR,PACF,10247
SXTP,20250717 08:03:29.179000,0,1.64,1,1.66,10,REGULAR,REGULAR,PACF,10247
SXTP,20250717 08:03:29.179000,0,1.64,1,1.66,10,REGULAR,REGULAR,PACF,10247
SXTP,20250717 08:03:29.179000,0,1.64,1,1.66,10,REGULAR,REGULAR,PACF,10247
SXTP,20250717 08:03:29.179000,0,1.64,1,1.66,10,REGULAR,REGULAR,PACF,10247
SXTP,20250717 08:03:29.179000,0,1.64,1,1.66,10,REGULAR,REGULAR,PACF,10247
SXTP,20250717 08:03:29.179000,0,1.64,1,1.66,10,REGULAR,REGULAR,PACF,10247
SXTP,20250717 08:03:29.179000,0,1.64,1,1.66,10,REGULAR,REGULAR,PACF,10247
SXTP,20250717 08:03:30.984000,0,1.64,1,1.65,1,REGULAR,REGULAR,PACF,10241
SXTP,20250717 08:03:31.043000,0,1.64,1,1.66,10,REGULAR,REGULAR,PACF,10247
SXTP,20250717 08:03:31.046000,0,1.64,1,1.65,1,REGULAR,REGULAR,PACF,10241
SXTP,20250717 08:03:31.046000,0,1.64,1,1.65,1,REGULAR,REGULAR,PACF,10241
SXTP,20250717 08:03:31.076000,0,1.64,1,1.65,1,REGULAR,REGULAR,PACF,10241
SXTP,20250717 08:03:32.659000,0,1.64,1,1.66,10,REGULAR,REGULAR,PACF,10247
SXTP,20250717 08:03:32.661000,0,1.64,1,1.65,1,REGULAR,REGULAR,PACF,10241
SXTP,20250717 08:03:32.661000,0,1.64,1,1.65,1,REGULAR,REGULAR,PACF,10241
SXTP,20250717 08:03:34.177000,0,1.64,1,1.65,1,REGULAR,REGULAR,PACF,10241
SXTP,20250717 08:03:34.493000,0,1.64,1,1.65,1,REGULAR,REGULAR,PACF,10241
SXTP,20250717 08:03:34.782000,0,1.64,1,1.65,1,REGULAR,REGULAR,PACF,10241
SXTP,20250717 08:03:34.808000,0,1.64,2,1.65,1,REGULAR,REGULAR,PACF,10241
SXTP,20250717 08:03:34.874000,0,1.64,2,1.65,1,REGULAR,REGULAR,PACF,10241
SXTP,20250717 08:03:34.875000,0,1.64,2,1.65,1,REGULAR,REGULAR,PACF,10241
SXTP,20250717 08:03:35.170000,0,1.64,3,1.66,10,REGULAR,REGULAR,PACF,10247
SXTP,20250717 08:03:35.170000,0,1.64,3,1.66,10,REGULAR,REGULAR,PACF,10247
SXTP,20250717 08:03:35.170000,0,1.64,3,1.66,10,REGULAR,REGULAR,PACF,10247
SXTP,20250717 08:03:35.170000,0,1.64,3,1.66,10,REGULAR,REGULAR,PACF,10247
SXTP,20250717 08:03:35.171000,0,1.64,3,1.65,1,REGULAR,REGULAR,PACF,10241
SXTP,20250717 08:03:35.171000,0,1.64,3,1.65,1,REGULAR,REGULAR,PACF,10241
SXTP,20250717 08:03:35.171000,0,1.64,3,1.65,1,REGULAR,REGULAR,PACF,10241
SXTP,20250717 08:03:35.172000,0,1.64,3,1.65,1,REGULAR,REGULAR,PACF,10241
SXTP,20250717 08:03:35.172000,0,1.64,3,1.65,1,REGULAR,REGULAR,PACF,10241
SXTP,20250717 08:03:35.173000,0,1.64,3,1.65,1,REGULAR,REGULAR,PACF,10241
SXTP,20250717 08:03:35.173000,0,1.64,3,1.65,1,REGULAR,REGULAR,PACF,10241
SXTP,20250717 08:03:35.173000,0,1.64,3,1.65,1,REGULAR,REGULAR,PACF,10241
SXTP,20250717 08:03:35.233000,0,1.64,3,1.66,10,REGULAR,REGULAR,PACF,10247
SXTP,20250717 08:03:35.236000,0,1.64,3,1.65,1,REGULAR,REGULAR,PACF,10241
SXTP,20250717 08:03:35.441000,0,1.64,2,1.65,5,REGULAR,REGULAR,PACF,10241
SXTP,20250717 08:03:36.056000,0,1.64,2,1.65,6,REGULAR,REGULAR,PACF,10241
SXTP,20250717 08:03:36.058000,0,1.64,2,1.65,6,REGULAR,REGULAR,PACF,10241
SXTP,20250717 08:03:36.347000,0,1.64,2,1.65,5,REGULAR,REGULAR,PACF,10241
SXTP,20250717 08:03:36.705000,0,1.64,2,1.65,5,REGULAR,REGULAR,PACF,10241
SXTP,20250717 08:03:36.918000,0,1.64,2,1.65,5,REGULAR,REGULAR,PACF,10241
SXTP,20250717 08:03:37.339000,0,1.64,2,1.65,2,REGULAR,REGULAR,PACF,10305
SXTP,20250717 08:03:37.413000,0,1.64,2,1.65,3,REGULAR,REGULAR,PACF,10305
SXTP,20250717 08:03:37.639000,0,1.64,2,1.65,3,REGULAR,REGULAR,PACF,10305
SXTP,20250717 08:03:37.747000,0,1.64,2,1.65,4,REGULAR,REGULAR,PACF,10305
SXTP,20250717 08:03:38.276000,0,1.64,2,1.65,1,REGULAR,REGULAR,PACF,10241
SXTP,20250717 08:03:38.282000,0,1.64,2,1.65,2,REGULAR,REGULAR,PACF,10305
SXTP,20250717 08:03:38.283000,0,1.63,12,1.65,3,REGULAR,REGULAR,PACF,10247
SXTP,20250717 08:03:38.283000,0,1.63,12,1.65,3,REGULAR,REGULAR,PACF,10247
SXTP,20250717 08:03:38.283000,0,1.63,12,1.65,3,REGULAR,REGULAR,PACF,10247
SXTP,20250717 08:03:38.283000,0,1.63,12,1.65,3,REGULAR,REGULAR,PACF,10247
SXTP,20250717 08:03:39.183000,0,1.64,4,1.65,2,REGULAR,REGULAR,PACF,10305
SXTP,20250717 08:03:39.183000,0,1.64,4,1.65,2,REGULAR,REGULAR,PACF,10305
SXTP,20250717 08:03:39.183000,0,1.64,4,1.65,2,REGULAR,REGULAR,PACF,10305
SXTP,20250717 08:03:39.183000,0,1.64,4,1.65,2,REGULAR,REGULAR,PACF,10305
SXTP,20250717 08:03:39.183000,0,1.64,4,1.65,2,REGULAR,REGULAR,PACF,10305
SXTP,20250717 08:03:39.183000,0,1.64,4,1.65,2,REGULAR,REGULAR,PACF,10305
SXTP,20250717 08:03:40.412000,0,1.64,1,1.65,8,REGULAR,REGULAR,PACF,10247
SXTP,20250717 08:03:40.418000,0,1.63,13,1.65,8,REGULAR,REGULAR,PACF,10247
SXTP,20250717 08:03:40.422000,0,1.63,12,1.65,8,REGULAR,REGULAR,PACF,10247
SXTP,20250717 08:03:40.448000,0,1.63,13,1.65,8,REGULAR,REGULAR,PACF,10247
SXTP,20250717 08:03:41.139000,0,1.63,13,1.65,8,REGULAR,REGULAR,PACF,10247
SXTP,20250717 08:03:41.901000,0,1.63,13,1.65,8,REGULAR,REGULAR,PACF,10247
SXTP,20250717 08:03:41.901000,0,1.63,13,1.65,8,REGULAR,REGULAR,PACF,10247
SXTP,20250717 08:03:41.902000,0,1.63,13,1.65,8,REGULAR,REGULAR,PACF,10247
SXTP,20250717 08:03:41.903000,0,1.64,5,1.66,10,REGULAR,REGULAR,PACF,10247
SXTP,20250717 08:03:41.903000,0,1.64,5,1.66,10,REGULAR,REGULAR,PACF,10247
SXTP,20250717 08:03:41.903000,0,1.64,5,1.66,10,REGULAR,REGULAR,PACF,10247
SXTP,20250717 08:03:41.903000,0,1.64,5,1.66,10,REGULAR,REGULAR,PACF,10247
SXTP,20250717 08:03:41.903000,0,1.64,5,1.66,10,REGULAR,REGULAR,PACF,10247
SXTP,20250717 08:03:41.903000,0,1.64,5,1.66,10,REGULAR,REGULAR,PACF,10247
SXTP,20250717 08:03:41.903000,0,1.64,5,1.66,10,REGULAR,REGULAR,PACF,10247
SXTP,20250717 08:03:41.903000,0,1.64,5,1.66,10,REGULAR,REGULAR,PACF,10247
SXTP,20250717 08:03:41.903000,0,1.64,5,1.66,10,REGULAR,REGULAR,PACF,10247
SXTP,20250717 08:03:41.904000,0,1.64,5,1.66,10,REGULAR,REGULAR,PACF,10247
SXTP,20250717 08:03:41.904000,0,1.64,5,1.66,10,REGULAR,REGULAR,PACF,10247
SXTP,20250717 08:03:41.905000,0,1.65,445,1.66,10,REGULAR,REGULAR,EDGX,10247
SXTP,20250717 08:03:41.905000,0,1.65,445,1.66,10,REGULAR,REGULAR,EDGX,10247
SXTP,20250717 08:03:41.906000,0,1.65,445,1.66,10,REGULAR,REGULAR,EDGX,10247
SXTP,20250717 08:03:41.906000,0,1.65,445,1.66,10,REGULAR,REGULAR,EDGX,10247
SXTP,20250717 08:03:41.906000,0,1.65,445,1.66,10,REGULAR,REGULAR,EDGX,10247
SXTP,20250717 08:03:41.907000,0,1.65,445,1.66,10,REGULAR,REGULAR,EDGX,10247
SXTP,20250717 08:03:41.907000,0,1.65,445,1.66,10,REGULAR,REGULAR,EDGX,10247
SXTP,20250717 08:03:41.907000,0,1.65,445,1.66,10,REGULAR,REGULAR,EDGX,10247
SXTP,20250717 08:03:41.908000,0,1.65,441,1.66,10,REGULAR,REGULAR,EDGX,10247
SXTP,20250717 08:03:41.908000,0,1.65,441,1.66,10,REGULAR,REGULAR,EDGX,10247
SXTP,20250717 08:03:41.972000,0,1.65,436,1.66,10,REGULAR,REGULAR,EDGX,10247
SXTP,20250717 08:03:42.300000,0,1.65,436,1.66,10,REGULAR,REGULAR,EDGX,10247
SXTP,20250717 08:03:42.797000,0,1.65,407,1.66,10,REGULAR,REGULAR,EDGX,10247
SXTP,20250717 08:03:42.801000,0,1.65,407,1.68,1,REGULAR,REGULAR,EDGX,10247
SXTP,20250717 08:03:42.801000,0,1.65,407,1.68,1,REGULAR,REGULAR,EDGX,10247
SXTP,20250717 08:03:42.801000,0,1.65,407,1.68,1,REGULAR,REGULAR,EDGX,10247
SXTP,20250717 08:03:43.323000,0,1.65,407,1.68,4,REGULAR,REGULAR,EDGX,10305
SXTP,20250717 08:03:43.648000,0,1.67,4,1.69,1,REGULAR,REGULAR,PACF,10247
SXTP,20250717 08:03:43.648000,0,1.67,4,1.69,1,REGULAR,REGULAR,PACF,10247
SXTP,20250717 08:03:43.648000,0,1.67,4,1.69,1,REGULAR,REGULAR,PACF,10247
SXTP,20250717 08:03:43.648000,0,1.67,4,1.69,1,REGULAR,REGULAR,PACF,10247
SXTP,20250717 08:03:43.648000,0,1.67,4,1.69,1,REGULAR,REGULAR,PACF,10247
SXTP,20250717 08:03:43.648000,0,1.67,4,1.69,1,REGULAR,REGULAR,PACF,10247
SXTP,20250717 08:03:43.649000,0,1.67,3,1.69,2,REGULAR,REGULAR,EDGX,10247
SXTP,20250717 08:03:43.649000,0,1.67,3,1.69,2,REGULAR,REGULAR,EDGX,10247
SXTP,20250717 08:03:43.649000,0,1.67,3,1.69,2,REGULAR,REGULAR,EDGX,10247
SXTP,20250717 08:03:43.649000,0,1.67,3,1.69,2,REGULAR,REGULAR,EDGX,10247
SXTP,20250717 08:03:44.079000,0,1.67,1,1.69,2,REGULAR,REGULAR,EDGX,10247
SXTP,20250717 08:03:44.320000,0,1.68,9,1.69,1,REGULAR,REGULAR,PACF,10247
SXTP,20250717 08:03:44.875000,0,1.69,3,1.7,1,REGULAR,REGULAR,PACF,10241
SXTP,20250717 08:03:44.875000,0,1.69,3,1.7,1,REGULAR,REGULAR,PACF,10241
SXTP,20250717 08:03:44.875000,0,1.69,3,1.7,1,REGULAR,REGULAR,PACF,10241
SXTP,20250717 08:03:44.875000,0,1.69,3,1.7,1,REGULAR,REGULAR,PACF,10241
SXTP,20250717 08:03:45.958000,0,1.69,3,1.7,1,REGULAR,REGULAR,PACF,10241
SXTP,20250717 08:03:46.028000,0,1.69,3,1.7,1,REGULAR,REGULAR,PACF,10241
SXTP,20250717 08:03:46.598000,0,1.68,29,1.7,2,REGULAR,REGULAR,MEMX,10247
SXTP,20250717 08:03:47.560000,0,1.68,29,1.69,21,REGULAR,REGULAR,MEMX,10247
SXTP,20250717 08:03:48.313000,0,1.68,29,1.69,21,REGULAR,REGULAR,MEMX,10247
SXTP,20250717 08:03:48.722000,0,1.68,29,1.69,2,REGULAR,REGULAR,MEMX,10305
SXTP,20250717 08:03:48.723000,0,1.68,29,1.69,2,REGULAR,REGULAR,MEMX,10305
SXTP,20250717 08:03:48.723000,0,1.68,29,1.69,2,REGULAR,REGULAR,MEMX,10305
SXTP,20250717 08:03:48.723000,0,1.68,29,1.69,2,REGULAR,REGULAR,MEMX,10305
SXTP,20250717 08:03:50.179000,0,1.67,7,1.68,3,REGULAR,REGULAR,PACF,10305
SXTP,20250717 08:03:52.637000,0,1.67,7,1.69,1,REGULAR,REGULAR,PACF,10247
SXTP,20250717 08:03:52.637000,0,1.67,7,1.69,1,REGULAR,REGULAR,PACF,10247
SXTP,20250717 08:03:53.856000,0,1.67,1,1.69,2,REGULAR,REGULAR,BATS,10247
SXTP,20250717 08:03:53.986000,0,1.67,1,1.69,2,REGULAR,REGULAR,BATS,10247
SXTP,20250717 08:03:54.573000,0,1.67,1,1.69,2,REGULAR,REGULAR,BATS,10247
SXTP,20250717 08:03:56.607000,0,1.67,1,1.68,1,REGULAR,REGULAR,BATS,10305
SXTP,20250717 08:03:56.607000,0,1.67,1,1.68,1,REGULAR,REGULAR,BATS,10305
SXTP,20250717 08:03:56.607000,0,1.67,1,1.68,1,REGULAR,REGULAR,BATS,10305
SXTP,20250717 08:03:56.608000,0,1.66,22,1.68,1,REGULAR,REGULAR,EDGX,10247
SXTP,20250717 08:03:56.608000,0,1.66,22,1.68,1,REGULAR,REGULAR,EDGX,10247
SXTP,20250717 08:03:56.609000,0,1.66,22,1.68,1,REGULAR,REGULAR,EDGX,10247
SXTP,20250717 08:03:58.462000,0,1.66,21,1.68,2,REGULAR,REGULAR,EDGX,10305
SXTP,20250717 08:03:58.836000,0,1.66,21,1.68,2,REGULAR,REGULAR,EDGX,10305
SXTP,20250717 08:03:58.841000,0,1.66,21,1.68,2,REGULAR,REGULAR,EDGX,10305
SXTP,20250717 08:03:59.816000,0,1.66,22,1.68,3,REGULAR,REGULAR,EDGX,10305
SXTP,20250717 08:04:00.033000,0,1.66,21,1.68,2,REGULAR,REGULAR,EDGX,10247
SXTP,20250717 08:04:00.033000,0,1.66,21,1.68,2,REGULAR,REGULAR,EDGX,10247
SXTP,20250717 08:04:01.496000,0,1.66,22,1.68,3,REGULAR,REGULAR,EDGX,10247
SXTP,20250717 08:04:01.496000,0,1.66,22,1.68,3,REGULAR,REGULAR,EDGX,10247
SXTP,20250717 08:04:05.455000,0,1.66,22,1.68,4,REGULAR,REGULAR,EDGX,10247
SXTP,20250717 08:04:08.587000,0,1.66,22,1.67,2,REGULAR,REGULAR,EDGX,10305
SXTP,20250717 08:04:10.561000,0,1.67,18,1.68,3,REGULAR,REGULAR,PACF,10305
SXTP,20250717 08:04:10.561000,0,1.67,18,1.68,3,REGULAR,REGULAR,PACF,10305
SXTP,20250717 08:04:10.562000,0,1.67,18,1.68,3,REGULAR,REGULAR,PACF,10305
SXTP,20250717 08:04:13.627000,0,1.66,24,1.67,2,REGULAR,REGULAR,EDGX,10247
SXTP,20250717 08:04:13.627000,0,1.66,24,1.67,2,REGULAR,REGULAR,EDGX,10247
SXTP,20250717 08:04:13.628000,0,1.67,1,1.68,1,REGULAR,REGULAR,EDGX,10247
SXTP,20250717 08:04:13.628000,0,1.67,1,1.68,1,REGULAR,REGULAR,EDGX,10247
SXTP,20250717 08:04:14.711000,0,1.67,1,1.68,1,REGULAR,REGULAR,EDGX,10247
SXTP,20250717 08:04:15.806000,0,1.67,1,1.68,1,REGULAR,REGULAR,EDGX,10247
SXTP,20250717 08:04:16.129000,0,1.67,2,1.68,1,REGULAR,REGULAR,PACF,10247
SXTP,20250717 08:04:21.383000,0,1.67,5,1.68,1,REGULAR,REGULAR,EDGX,10247
SXTP,20250717 08:04:21.784000,0,1.67,5,1.68,1,REGULAR,REGULAR,EDGX,10247
