SymbolId,TradeTime,Index,Size,TotalVolume,Price,ReportingExchange,TradeCondition
NAOV,20250717 04:07:30.996000,111036,50,52,0.94,PACF,12545
NAOV,20250717 04:15:13.094000,184849,50,102,0.97,PACF,12545
NAOV,20250717 04:16:45.791000,200619,1,103,0.97,PACF,12545
NAOV,20250717 04:19:09.268000,223355,5,108,0.97,PACF,12545
NAOV,20250717 04:19:16.271000,224543,1,109,0.97,PACF,12545
NAOV,20250717 04:20:19.815000,233741,2,111,0.97,PACF,12545
NAOV,20250717 04:21:26.577000,246354,2,113,0.97,PACF,12545
NAOV,20250717 04:27:33.471000,314076,3,516,0.97,PACF,12545
NAOV,20250717 04:27:33.471000,314077,200,716,0.97,PACF,12545
NAOV,20250717 04:27:33.471000,314075,400,513,0.97,PACF,12545
NAOV,20250717 04:27:33.471000,314078,9,725,0.97,PACF,12545
NAOV,20250717 04:32:09.096000,353989,2,727,0.97,PACF,12545
NAOV,20250717 04:38:07.558000,415829,10,737,0.97,PACF,12545
NAOV,20250717 04:38:26.283000,418632,1,738,0.97,PACF,12545
NAOV,20250717 04:38:29.360000,419108,1,739,0.97,PACF,12545
NAOV,20250717 04:38:33.181000,419676,1,740,0.97,PACF,12545
NAOV,20250717 04:38:37.220000,420095,1,741,0.97,PACF,12545
NAOV,20250717 04:38:40.918000,420445,1,742,0.97,PACF,12545
NAOV,20250717 04:38:47.362000,421098,1,743,0.97,PACF,12545
NAOV,20250717 04:38:51.030000,421406,1,744,0.97,PACF,12545
NAOV,20250717 04:38:53.911000,421823,1,745,0.97,PACF,12545
NAOV,20250717 04:38:57.000000,422191,1,746,0.97,PACF,12545
NAOV,20250717 04:39:00.879000,422616,1,747,0.97,PACF,12545
NAOV,20250717 04:39:04.139000,423122,1,748,0.97,PACF,12545
NAOV,20250717 04:39:06.840000,423557,1,749,0.97,PACF,12545
NAOV,20250717 04:39:09.920000,423906,1,750,0.97,PACF,12545
NAOV,20250717 04:39:12.640000,424304,1,751,0.97,PACF,12545
NAOV,20250717 04:39:15.739000,424661,1,752,0.97,PACF,12545
NAOV,20250717 04:39:18.481000,424891,1,753,0.97,PACF,12545
NAOV,20250717 04:39:21.223000,425112,1,754,0.97,PACF,12545
NAOV,20250717 04:39:23.979000,425392,1,755,0.97,PACF,12545
NAOV,20250717 04:39:26.671000,425750,1,756,0.97,PACF,12545
NAOV,20250717 04:39:29.188000,426053,1,757,0.97,PACF,12545
NAOV,20250717 04:39:31.921000,426285,1,758,0.97,PACF,12545
NAOV,20250717 04:39:34.977000,426537,1,759,0.97,PACF,12545
NAOV,20250717 04:39:38.138000,426937,1,760,0.97,PACF,12545
NAOV,20250717 04:39:40.677000,427218,1,761,0.97,PACF,12545
NAOV,20250717 04:39:43.029000,427452,1,762,0.97,PACF,12545
NAOV,20250717 04:39:45.582000,427736,1,763,0.97,PACF,12545
NAOV,20250717 04:39:48.519000,428187,1,764,0.97,PACF,12545
NAOV,20250717 04:39:50.995000,428413,1,765,0.97,PACF,12545
NAOV,20250717 04:39:53.390000,428779,1,766,0.97,PACF,12545
NAOV,20250717 04:39:55.800000,429006,1,767,0.97,PACF,12545
NAOV,20250717 04:39:58.449000,429416,1,768,0.97,PACF,12545
NAOV,20250717 04:40:00.954000,429626,1,769,0.97,PACF,12545
NAOV,20250717 04:40:03.599000,429829,1,770,0.97,PACF,12545
NAOV,20250717 04:40:06.226000,430150,1,771,0.97,PACF,12545
NAOV,20250717 04:40:09.027000,430559,1,772,0.97,PACF,12545
NAOV,20250717 04:40:11.561000,430917,1,773,0.97,PACF,12545
NAOV,20250717 04:40:13.893000,431157,1,774,0.97,PACF,12545
NAOV,20250717 04:40:16.240000,431433,1,775,0.97,PACF,12545
NAOV,20250717 04:40:18.693000,431555,1,776,0.97,PACF,12545
NAOV,20250717 04:40:20.928000,431806,1,777,0.97,PACF,12545
NAOV,20250717 04:40:23.268000,432225,1,778,0.97,PACF,12545
NAOV,20250717 04:40:25.597000,432421,1,779,0.97,PACF,12545
NAOV,20250717 04:40:27.817000,432575,1,780,0.97,PACF,12545
NAOV,20250717 04:40:30.121000,432736,1,781,0.97,PACF,12545
NAOV,20250717 04:40:32.508000,432952,1,782,0.97,PACF,12545
NAOV,20250717 04:40:34.819000,433239,1,783,0.97,PACF,12545
NAOV,20250717 04:40:37.160000,433617,1,784,0.97,PACF,12545
NAOV,20250717 04:40:39.969000,434003,1,785,0.97,PACF,12545
NAOV,20250717 04:40:42.237000,434227,1,786,0.97,PACF,12545
NAOV,20250717 04:40:44.497000,434522,1,787,0.97,PACF,12545
NAOV,20250717 04:40:47.037000,434908,1,788,0.97,PACF,12545
NAOV,20250717 04:40:49.288000,435356,1,789,0.97,PACF,12545
NAOV,20250717 04:40:51.464000,435655,1,790,0.97,PACF,12545
NAOV,20250717 04:40:53.676000,435982,1,791,0.97,PACF,12545
NAOV,20250717 04:40:55.955000,436388,1,792,0.97,PACF,12545
NAOV,20250717 04:40:58.209000,436749,1,793,0.97,PACF,12545
NAOV,20250717 04:41:00.458000,437235,1,794,0.97,PACF,12545
NAOV,20250717 04:41:02.719000,437466,1,795,0.97,PACF,12545
NAOV,20250717 04:41:05.047000,437967,1,796,0.97,PACF,12545
NAOV,20250717 04:41:07.282000,438290,1,797,0.97,PACF,12545
NAOV,20250717 04:41:09.694000,438942,1,798,0.97,PACF,12545
NAOV,20250717 04:41:12.016000,439350,1,799,0.97,PACF,12545
NAOV,20250717 04:41:14.566000,439735,1,800,0.97,PACF,12545
NAOV,20250717 04:41:16.820000,439910,1,801,0.97,PACF,12545
NAOV,20250717 04:41:19.050000,440295,1,802,0.97,PACF,12545
NAOV,20250717 04:41:21.360000,440610,1,803,0.97,PACF,12545
NAOV,20250717 04:41:23.735000,440848,1,804,0.97,PACF,12545
NAOV,20250717 04:41:26.061000,441377,1,805,0.97,PACF,12545
NAOV,20250717 04:41:29.110000,441687,1,806,0.97,PACF,12545
NAOV,20250717 04:41:31.437000,441900,1,807,0.97,PACF,12545
NAOV,20250717 04:41:33.574000,442157,1,808,0.97,PACF,12545
NAOV,20250717 04:41:35.781000,442646,1,809,0.97,PACF,12545
NAOV,20250717 04:41:38.007000,443091,1,810,0.97,PACF,12545
NAOV,20250717 04:41:40.314000,443423,1,811,0.97,PACF,12545
NAOV,20250717 04:41:42.591000,443806,1,812,0.97,PACF,12545
NAOV,20250717 04:41:44.808000,444214,1,813,0.97,PACF,12545
NAOV,20250717 04:41:47.127000,444631,1,814,0.97,PACF,12545
NAOV,20250717 04:41:49.366000,444861,1,815,0.97,PACF,12545
NAOV,20250717 04:41:51.548000,445123,1,816,0.97,PACF,12545
NAOV,20250717 04:41:53.824000,445454,1,817,0.97,PACF,12545
NAOV,20250717 04:41:55.998000,445831,1,818,0.97,PACF,12545
NAOV,20250717 04:41:58.186000,446026,1,819,0.97,PACF,12545
NAOV,20250717 04:42:00.351000,446540,1,820,0.97,PACF,12545
NAOV,20250717 04:42:02.466000,446849,1,821,0.97,PACF,12545
NAOV,20250717 04:42:04.719000,447038,1,822,0.97,PACF,12545
NAOV,20250717 04:42:06.882000,447469,1,823,0.97,PACF,12545
NAOV,20250717 04:42:09.123000,447859,1,824,0.97,PACF,12545
NAOV,20250717 04:42:11.296000,448522,1,825,0.97,PACF,12545
NAOV,20250717 04:42:13.431000,448704,1,826,0.97,PACF,12545
NAOV,20250717 04:42:15.772000,448957,1,827,0.97,PACF,12545
NAOV,20250717 04:42:18.141000,449263,1,828,0.97,PACF,12545
NAOV,20250717 04:42:20.274000,449877,1,829,0.97,PACF,12545
NAOV,20250717 04:42:22.613000,450141,1,830,0.97,PACF,12545
NAOV,20250717 04:42:24.739000,450407,1,831,0.97,PACF,12545
NAOV,20250717 04:42:26.902000,450676,1,832,0.97,PACF,12545
NAOV,20250717 04:42:29.067000,451030,1,833,0.97,PACF,12545
NAOV,20250717 04:42:31.278000,451331,1,834,0.97,PACF,12545
NAOV,20250717 04:42:33.301000,451535,1,835,0.97,PACF,12545
NAOV,20250717 04:42:35.433000,451746,1,836,0.97,PACF,12545
NAOV,20250717 04:42:37.663000,451896,1,837,0.97,PACF,12545
NAOV,20250717 04:42:39.833000,452101,1,838,0.97,PACF,12545
NAOV,20250717 04:42:41.957000,452387,1,839,0.97,PACF,12545
NAOV,20250717 04:42:44.230000,452637,1,840,0.97,PACF,12545
NAOV,20250717 04:42:46.386000,452925,1,841,0.97,PACF,12545
NAOV,20250717 04:42:48.673000,453069,1,842,0.97,PACF,12545
NAOV,20250717 04:42:50.704000,453382,1,843,0.97,PACF,12545
NAOV,20250717 04:42:52.898000,453609,1,844,0.97,PACF,12545
NAOV,20250717 04:42:55.095000,453857,1,845,0.97,PACF,12545
NAOV,20250717 04:42:57.121000,454112,1,846,0.97,PACF,12545
NAOV,20250717 04:42:59.375000,454388,1,847,0.97,PACF,12545
NAOV,20250717 04:43:01.529000,454682,1,848,0.97,PACF,12545
NAOV,20250717 04:43:03.551000,454847,1,849,0.97,PACF,12545
NAOV,20250717 04:43:06.770000,455152,1,850,0.97,PACF,12545
NAOV,20250717 04:43:09.056000,455548,1,851,0.97,PACF,12545
NAOV,20250717 04:43:14.518000,456301,1,852,0.97,PACF,12545
NAOV,20250717 04:43:16.978000,456537,1,853,0.97,PACF,12545
NAOV,20250717 04:43:19.152000,456761,1,854,0.97,PACF,12545
NAOV,20250717 04:43:21.429000,456928,1,855,0.97,PACF,12545
NAOV,20250717 04:43:23.571000,457140,1,856,0.97,PACF,12545
NAOV,20250717 04:43:28.187000,457579,1,857,0.97,PACF,12545
NAOV,20250717 04:43:30.543000,457807,1,858,0.97,PACF,12545
NAOV,20250717 04:43:32.736000,457958,1,859,0.97,PACF,12545
NAOV,20250717 04:43:34.947000,458286,1,860,0.97,PACF,12545
NAOV,20250717 04:43:41.434000,459033,1,861,0.97,PACF,12545
NAOV,20250717 04:43:43.857000,459200,1,862,0.97,PACF,12545
NAOV,20250717 04:43:45.759000,459302,1,863,0.97,PACF,12545
NAOV,20250717 04:43:47.857000,459494,1,864,0.97,PACF,12545
NAOV,20250717 04:43:49.777000,459702,1,865,0.97,PACF,12545
NAOV,20250717 04:43:51.937000,459923,1,866,0.97,PACF,12545
NAOV,20250717 04:43:54.051000,460268,1,867,0.97,PACF,12545
NAOV,20250717 04:43:56.375000,460431,1,868,0.97,PACF,12545
NAOV,20250717 04:43:58.692000,460717,1,869,0.97,PACF,12545
NAOV,20250717 04:44:00.926000,460933,1,870,0.97,PACF,12545
NAOV,20250717 04:44:03.071000,461234,1,871,0.97,PACF,12545
NAOV,20250717 04:44:05.275000,461449,1,872,0.97,PACF,12545
NAOV,20250717 04:44:07.294000,461679,1,873,0.97,PACF,12545
NAOV,20250717 04:44:09.437000,461878,1,874,0.97,PACF,12545
NAOV,20250717 04:44:11.556000,462199,1,875,0.97,PACF,12545
NAOV,20250717 04:44:13.717000,462395,1,876,0.97,PACF,12545
NAOV,20250717 04:44:15.936000,462588,1,877,0.97,PACF,12545
NAOV,20250717 04:44:17.996000,462968,1,878,0.97,PACF,12545
NAOV,20250717 04:44:20.285000,463256,1,879,0.97,PACF,12545
NAOV,20250717 04:44:22.314000,463327,1,880,0.97,PACF,12545
NAOV,20250717 04:44:24.306000,463449,1,881,0.97,PACF,12545
NAOV,20250717 04:44:26.384000,463619,1,882,0.97,PACF,12545
NAOV,20250717 04:44:28.477000,463807,1,883,0.97,PACF,12545
NAOV,20250717 04:44:30.598000,464062,1,884,0.97,PACF,12545
NAOV,20250717 04:44:32.736000,464252,1,885,0.97,PACF,12545
NAOV,20250717 04:44:35.340000,464481,1,886,0.97,PACF,12545
NAOV,20250717 04:44:37.579000,464645,1,887,0.97,PACF,12545
NAOV,20250717 04:44:40.296000,464884,1,888,0.97,PACF,12545
NAOV,20250717 04:44:42.407000,465052,1,889,0.97,PACF,12545
NAOV,20250717 04:44:42.755000,465084,2,891,0.97,PACF,12545
NAOV,20250717 04:44:44.585000,465291,1,892,0.97,PACF,12545
NAOV,20250717 04:44:46.632000,465417,1,893,0.97,PACF,12545
NAOV,20250717 04:44:48.910000,465595,1,894,0.97,PACF,12545
NAOV,20250717 04:44:51.145000,465749,1,895,0.97,PACF,12545
NAOV,20250717 04:44:53.032000,465908,1,896,0.97,PACF,12545
NAOV,20250717 04:44:54.977000,466042,1,897,0.97,PACF,12545
NAOV,20250717 04:44:56.955000,466323,1,898,0.97,PACF,12545
NAOV,20250717 04:44:58.897000,466516,1,899,0.97,PACF,12545
NAOV,20250717 04:45:00.858000,466641,1,900,0.97,PACF,12545
NAOV,20250717 04:45:03.199000,466987,1,901,0.97,PACF,12545
NAOV,20250717 04:45:05.651000,467262,1,902,0.97,PACF,12545
NAOV,20250717 04:45:07.338000,467387,4,906,0.97,PACF,12545
NAOV,20250717 04:45:07.688000,467414,1,907,0.97,PACF,12545
NAOV,20250717 04:45:09.775000,467576,1,908,0.97,PACF,12545
NAOV,20250717 04:45:11.978000,467890,1,909,0.97,PACF,12545
NAOV,20250717 04:45:14.021000,468097,1,910,0.97,PACF,12545
NAOV,20250717 04:45:15.916000,468240,1,911,0.97,PACF,12545
NAOV,20250717 04:45:18.172000,468433,1,912,0.97,PACF,12545
NAOV,20250717 04:45:25.930000,469152,1,913,0.97,PACF,12545
NAOV,20250717 04:45:28.187000,469410,1,914,0.97,PACF,12545
NAOV,20250717 04:45:30.338000,469719,1,915,0.97,PACF,12545
NAOV,20250717 04:45:32.855000,470108,1,916,0.97,PACF,12545
NAOV,20250717 04:45:34.948000,470290,1,917,0.97,PACF,12545
NAOV,20250717 04:45:37.295000,470470,1,918,0.97,PACF,12545
NAOV,20250717 04:45:39.488000,470697,1,919,0.97,PACF,12545
NAOV,20250717 04:45:41.575000,470836,1,920,0.97,PACF,12545
NAOV,20250717 04:45:43.662000,471134,1,921,0.97,PACF,12545
NAOV,20250717 04:45:45.687000,471308,1,922,0.97,PACF,12545
NAOV,20250717 04:45:47.601000,471422,1,923,0.97,PACF,12545
NAOV,20250717 04:45:49.540000,471665,1,924,0.97,PACF,12545
NAOV,20250717 04:45:51.825000,471903,1,925,0.97,PACF,12545
NAOV,20250717 04:45:54.785000,472352,1,926,0.97,PACF,12545
NAOV,20250717 04:45:56.914000,472602,1,927,0.97,PACF,12545
NAOV,20250717 04:45:59.418000,472939,1,928,0.97,PACF,12545
NAOV,20250717 04:46:01.459000,473308,1,929,0.97,PACF,12545
NAOV,20250717 04:46:03.436000,473802,1,930,0.97,PACF,12545
NAOV,20250717 04:46:05.536000,474267,1,931,0.97,PACF,12545
NAOV,20250717 04:46:07.617000,474501,1,932,0.97,PACF,12545
NAOV,20250717 04:46:09.511000,474623,1,933,0.97,PACF,12545
NAOV,20250717 04:46:11.373000,474934,1,934,0.97,PACF,12545
NAOV,20250717 04:46:13.229000,475145,1,935,0.97,PACF,12545
NAOV,20250717 04:46:14.990000,475248,1,936,0.97,PACF,12545
NAOV,20250717 04:46:17.281000,475422,1,937,0.97,PACF,12545
NAOV,20250717 04:46:18.868000,475643,1,938,0.97,PACF,12545
NAOV,20250717 04:46:20.735000,476069,1,939,0.97,PACF,12545
NAOV,20250717 04:46:25.395000,476772,1,940,0.97,PACF,12545
NAOV,20250717 04:46:27.550000,476938,1,941,0.97,PACF,12545
NAOV,20250717 04:46:33.176000,477710,1,942,0.97,PACF,12545
NAOV,20250717 04:46:35.059000,478015,1,943,0.97,PACF,12545
NAOV,20250717 04:46:37.023000,478372,1,944,0.97,PACF,12545
NAOV,20250717 04:46:39.097000,478809,1,945,0.97,PACF,12545
NAOV,20250717 04:46:40.885000,479000,1,946,0.97,PACF,12545
NAOV,20250717 04:46:42.942000,479408,1,947,0.97,PACF,12545
NAOV,20250717 04:46:45.007000,479638,1,948,0.97,PACF,12545
NAOV,20250717 04:46:46.978000,479950,1,949,0.97,PACF,12545
NAOV,20250717 04:46:48.809000,480117,1,950,0.97,PACF,12545
NAOV,20250717 04:46:50.547000,480442,1,951,0.97,PACF,12545
NAOV,20250717 04:46:53.927000,481032,1,952,0.97,PACF,12545
NAOV,20250717 04:46:55.916000,481198,1,953,0.97,PACF,12545
NAOV,20250717 04:46:57.999000,481583,1,954,0.97,PACF,12545
NAOV,20250717 04:46:59.913000,481919,1,955,0.97,PACF,12545
NAOV,20250717 04:47:01.918000,482208,1,956,0.97,PACF,12545
NAOV,20250717 04:47:03.958000,482396,1,957,0.97,PACF,12545
NAOV,20250717 04:47:05.982000,482762,1,958,0.97,PACF,12545
NAOV,20250717 04:47:07.897000,482947,1,959,0.97,PACF,12545
NAOV,20250717 04:47:09.772000,483108,1,960,0.97,PACF,12545
NAOV,20250717 04:47:11.670000,483363,1,961,0.97,PACF,12545
NAOV,20250717 04:47:13.747000,483616,1,962,0.97,PACF,12545
NAOV,20250717 04:47:15.575000,483849,1,963,0.97,PACF,12545
NAOV,20250717 04:47:17.353000,484060,1,964,0.97,PACF,12545
NAOV,20250717 04:47:19.228000,484217,1,965,0.97,PACF,12545
NAOV,20250717 04:47:21.071000,484411,1,966,0.97,PACF,12545
NAOV,20250717 04:47:34.463000,485873,1,967,0.97,PACF,12545
NAOV,20250717 04:47:36.635000,486179,1,968,0.97,PACF,12545
NAOV,20250717 04:47:39.346000,486437,1,969,0.97,PACF,12545
NAOV,20250717 04:47:41.563000,486633,1,970,0.97,PACF,12545
NAOV,20250717 04:47:43.391000,486743,1,971,0.97,PACF,12545
NAOV,20250717 04:47:45.415000,487018,1,972,0.97,PACF,12545
NAOV,20250717 04:47:47.394000,487275,1,973,0.97,PACF,12545
NAOV,20250717 04:47:49.395000,487470,1,974,0.97,PACF,12545
NAOV,20250717 04:47:51.367000,487728,1,975,0.97,PACF,12545
NAOV,20250717 04:47:53.609000,487885,1,976,0.97,PACF,12545
NAOV,20250717 04:47:55.790000,488089,1,977,0.97,PACF,12545
NAOV,20250717 04:47:57.838000,488290,1,978,0.97,PACF,12545
NAOV,20250717 04:47:59.855000,488470,1,979,0.97,PACF,12545
NAOV,20250717 04:48:03.436000,489082,1,980,0.97,PACF,12545
NAOV,20250717 04:48:05.266000,489338,1,981,0.97,PACF,12545
NAOV,20250717 04:48:07.119000,489544,1,982,0.97,PACF,12545
NAOV,20250717 04:48:09.169000,489884,1,983,0.97,PACF,12545
NAOV,20250717 04:48:11.046000,490102,1,984,0.97,PACF,12545
NAOV,20250717 04:48:13.018000,490372,1,985,0.97,PACF,12545
NAOV,20250717 04:48:15.023000,490658,1,986,0.97,PACF,12545
NAOV,20250717 04:48:16.984000,491076,1,987,0.97,PACF,12545
NAOV,20250717 04:48:19.112000,491412,1,988,0.97,PACF,12545
NAOV,20250717 04:48:21.045000,491839,1,989,0.97,PACF,12545
NAOV,20250717 04:48:22.849000,492155,1,990,0.97,PACF,12545
NAOV,20250717 04:48:24.705000,492528,1,991,0.97,PACF,12545
NAOV,20250717 04:48:26.477000,492975,1,992,0.97,PACF,12545
NAOV,20250717 04:48:28.598000,493283,1,993,0.97,PACF,12545
NAOV,20250717 04:48:30.531000,493763,1,994,0.97,PACF,12545
NAOV,20250717 04:48:32.417000,494053,1,995,0.97,PACF,12545
NAOV,20250717 04:48:34.229000,494308,1,996,0.97,PACF,12545
NAOV,20250717 04:48:35.909000,494532,1,997,0.97,PACF,12545
NAOV,20250717 04:48:38.748000,495348,1,998,0.97,PACF,12545
NAOV,20250717 04:48:40.407000,495642,1,999,0.97,PACF,12545
NAOV,20250717 04:48:41.965000,495925,1,1000,0.97,PACF,12545
NAOV,20250717 04:48:43.697000,496234,1,1001,0.97,PACF,12545
NAOV,20250717 04:48:45.536000,496582,1,1002,0.97,PACF,12545
NAOV,20250717 04:48:47.379000,497125,1,1003,0.97,PACF,12545
NAOV,20250717 04:48:49.525000,497540,1,1004,0.97,PACF,12545
NAOV,20250717 04:48:51.452000,498022,1,1005,0.97,PACF,12545
NAOV,20250717 04:48:53.489000,498552,1,1006,0.97,PACF,12545
NAOV,20250717 04:49:00.731000,499877,1,1007,0.97,PACF,12545
NAOV,20250717 04:49:02.557000,500199,1,1008,0.97,EDGX,12545
NAOV,20250717 04:49:04.379000,500546,1,1009,0.97,EDGX,12545
NAOV,20250717 04:49:09.379000,501159,1,1010,0.97,EDGX,12545
NAOV,20250717 04:49:11.520000,501415,1,1011,0.97,EDGX,12545
NAOV,20250717 04:49:13.416000,501617,1,1012,0.97,EDGX,12545
NAOV,20250717 04:49:15.490000,502316,1,1013,0.97,EDGX,12545
NAOV,20250717 04:49:17.558000,502766,1,1014,0.97,EDGX,12545
NAOV,20250717 04:49:19.456000,503193,1,1015,0.97,EDGX,12545
NAOV,20250717 04:49:21.338000,503524,1,1016,0.97,EDGX,12545
NAOV,20250717 04:49:23.289000,503719,1,1017,0.97,EDGX,12545
NAOV,20250717 04:49:25.038000,504116,1,1018,0.97,EDGX,12545
NAOV,20250717 04:49:27.311000,504466,1,1019,0.97,EDGX,12545
NAOV,20250717 04:49:29.370000,504746,1,1020,0.97,EDGX,12545
NAOV,20250717 04:49:32.108000,505051,1,1021,0.97,EDGX,12545
NAOV,20250717 04:49:33.995000,505184,1,1022,0.97,EDGX,12545
NAOV,20250717 04:49:35.996000,505462,1,1023,0.97,EDGX,12545
NAOV,20250717 04:49:37.823000,505764,1,1024,0.97,EDGX,12545
NAOV,20250717 04:49:39.664000,505992,1,1025,0.97,EDGX,12545
NAOV,20250717 04:49:41.564000,506273,1,1026,0.97,EDGX,12545
NAOV,20250717 04:49:43.315000,506508,1,1027,0.97,EDGX,12545
NAOV,20250717 04:49:44.997000,506686,1,1028,0.97,EDGX,12545
NAOV,20250717 04:49:46.806000,506970,1,1029,0.97,EDGX,12545
NAOV,20250717 04:49:48.561000,507231,1,1030,0.97,EDGX,12545
NAOV,20250717 04:49:50.568000,507488,1,1031,0.97,EDGX,12545
NAOV,20250717 04:49:52.377000,507727,1,1032,0.97,EDGX,12545
NAOV,20250717 04:49:54.311000,508038,1,1033,0.97,EDGX,12545
NAOV,20250717 04:49:56.359000,508379,1,1034,0.97,EDGX,12545
NAOV,20250717 04:49:58.345000,508737,1,1035,0.97,EDGX,12545
NAOV,20250717 04:50:02.451000,509405,1,1036,0.97,EDGX,12545
NAOV,20250717 04:50:04.695000,509733,1,1037,0.97,EDGX,12545
NAOV,20250717 04:53:42.669000,536316,4,1041,1,EDGX,12545
NAOV,20250717 05:03:24.444000,613779,200,1241,1,EDGX,12545
NAOV,20250717 05:05:23.999000,628143,100,1341,0.97,PACF,12545
NAOV,20250717 05:05:54.919000,633871,18,5181,1.01,PACF,12545
NAOV,20250717 05:05:54.919000,633870,1000,5163,1.01,PACF,12545
NAOV,20250717 05:05:54.919000,633868,10,4050,1.01,PACF,12545
NAOV,20250717 05:05:54.919000,633867,100,4040,1,PACF,12545
NAOV,20250717 05:05:54.919000,633865,1,1440,0.97,PACF,12545
NAOV,20250717 05:05:54.919000,633864,98,1439,0.97,PACF,12545
NAOV,20250717 05:05:54.919000,633869,113,4163,1.01,PACF,12545
NAOV,20250717 05:05:54.919000,633872,168,5349,1.01,PACF,12545
NAOV,20250717 05:05:54.919000,633866,2500,3940,0.99,PACF,12545
NAOV,20250717 05:06:12.525000,635916,20,5369,1,EDGX,12545
NAOV,20250717 05:08:04.585000,648150,20,5389,1,EDGX,12545
NAOV,20250717 05:09:26.424000,657525,60,5449,1,EDGX,12545
NAOV,20250717 05:09:26.424000,657526,90,5539,1.01,EDGX,12545
NAOV,20250717 05:11:33.179000,670912,1,5540,1,PACF,12545
NAOV,20250717 05:12:16.734000,675730,60,5610,1.01,EDGX,12545
NAOV,20250717 05:12:16.734000,675729,10,5550,1.01,EDGX,12545
NAOV,20250717 05:12:25.656000,676565,6,5616,1,PACF,12545
NAOV,20250717 05:13:03.151000,680912,41,5657,1,NQEX,12545
NAOV,20250717 05:17:03.578000,705563,30,5687,1,EDGX,12545
NAOV,20250717 05:17:07.252000,705822,34,5721,1,EDGX,12545
NAOV,20250717 05:18:18.298000,712782,7,5728,1,EDGX,12545
NAOV,20250717 05:26:37.048000,763123,102,5830,1,EDGX,12545
NAOV,20250717 05:29:13.125000,781121,40,5870,1,EDGX,12545
NAOV,20250717 05:29:13.126000,781122,7,5877,1,EDGX,12545
NAOV,20250717 05:30:22.709000,789327,7,5924,1,EDGX,12545
NAOV,20250717 05:30:22.709000,789324,30,5907,1,PACF,12545
NAOV,20250717 05:30:22.709000,789326,7,5917,1,EDGX,12545
NAOV,20250717 05:30:22.709000,789325,3,5910,1,PACF,12545
NAOV,20250717 05:30:46.519000,792384,7,5940,1,EDGX,12545
NAOV,20250717 05:30:46.519000,792383,9,5933,1,EDGX,12545
NAOV,20250717 05:31:46.551000,798656,29,5969,1,EDGX,12545
NAOV,20250717 05:31:46.551000,798657,71,6040,1,EDGX,12545
NAOV,20250717 05:31:46.551000,798658,7,6047,1,EDGX,12545
NAOV,20250717 05:34:30.053000,814248,10,6389,1.01,PACF,12545
NAOV,20250717 05:34:30.053000,814250,10,6409,1.01,PACF,12545
NAOV,20250717 05:34:30.053000,814249,10,6399,1.01,PACF,12545
NAOV,20250717 05:34:30.053000,814247,332,6379,1.01,PACF,12545
NAOV,20250717 05:34:30.053000,814251,919,7328,1,NQEX,12545
NAOV,20250717 05:34:30.053000,814252,329,7657,1.01,NQEX,12545
NAOV,20250717 05:34:30.053000,814253,140,7797,1,EDGX,12545
NAOV,20250717 05:34:56.339000,817176,7,7877,1,EDGX,12545
NAOV,20250717 05:34:56.339000,817177,7,7884,1,EDGX,12545
NAOV,20250717 05:34:56.339000,817178,13,7897,0.98,EDGX,12545
NAOV,20250717 05:34:56.339000,817175,7,7870,1,EDGX,12545
NAOV,20250717 05:34:56.339000,817171,22,7819,1,EDGX,12545
NAOV,20250717 05:34:56.339000,817174,7,7863,1,EDGX,12545
NAOV,20250717 05:34:56.339000,817173,7,7856,1,EDGX,12545
NAOV,20250717 05:34:56.339000,817172,30,7849,1,EDGX,12545
NAOV,20250717 05:34:56.340000,817179,9,7906,1,PACF,12545
NAOV,20250717 05:37:26.614000,828964,40,7946,1.01,EDGX,12545
NAOV,20250717 06:12:00.871000,1025411,100,8046,1,PACF,12545
NAOV,20250717 06:22:06.087000,1103362,21,8067,1,PACF,12545
NAOV,20250717 06:24:35.884000,1128258,500,8567,0.99,MEMX,12545
NAOV,20250717 06:25:51.027000,1142522,13,8580,1.01,EDGX,12545
NAOV,20250717 06:31:12.263000,1181431,294,8874,0.99,MEMX,12545
NAOV,20250717 06:33:07.528000,1192347,19,8893,0.99,MEMX,12545
NAOV,20250717 06:37:13.550000,1221795,1,8894,1,PACF,12545
NAOV,20250717 06:39:15.615000,1235768,259,9153,1,PACF,12545
NAOV,20250717 06:41:56.645000,1258993,1,9169,1.01,MEMX,12545
NAOV,20250717 06:41:56.645000,1258992,15,9168,1.01,MEMX,12545
NAOV,20250717 06:41:56.645000,1258994,1,9170,1.01,MEMX,12545
NAOV,20250717 06:41:56.647000,1258995,3,9173,1,PACF,12545
NAOV,20250717 06:42:41.709000,1264894,60,9233,0.99,MEMX,12545
NAOV,20250717 06:43:53.170000,1275819,250,9483,1,PACF,12545
NAOV,20250717 06:44:31.967000,1279544,30,9513,1.01,EDGX,12545
NAOV,20250717 06:44:50.969000,1281908,10,9523,1.01,EDGX,12545
NAOV,20250717 06:45:15.562000,1287385,100,9623,0.99,MEMX,12545
NAOV,20250717 06:45:39.422000,1291830,27,9858,0.99,MEMX,12545
NAOV,20250717 06:45:39.422000,1291829,96,9831,0.98,EDGX,12545
NAOV,20250717 06:45:39.422000,1291827,100,9723,0.98,PACF,12545
NAOV,20250717 06:45:39.422000,1291828,12,9735,0.98,EDGX,12545
NAOV,20250717 06:46:04.309000,1296170,4,9862,0.98,EDGX,12545
NAOV,20250717 06:46:04.309000,1296171,100,9962,0.98,MEMX,12545
NAOV,20250717 06:46:15.457000,1297794,100,10062,1,PACF,12545
NAOV,20250717 07:06:07.424000,1526526,8,10082,1.01,PACF,12545
NAOV,20250717 07:06:07.424000,1526525,12,10074,1.01,PACF,12545
NAOV,20250717 07:21:50.424000,1707253,5,10087,0.98,EDGX,12545
NAOV,20250717 07:22:24.798000,1712205,5,10092,0.98,EDGX,12545
NAOV,20250717 07:22:54.413000,1716668,5,10097,0.98,PACF,12545
NAOV,20250717 07:26:08.454000,1750634,35,10132,0.98,PACF,12545
NAOV,20250717 07:32:39.237000,1807415,1,10133,0.97,PACF,12545
NAOV,20250717 07:39:35.008000,1896701,840,10973,0.98,EDGX,12545
NAOV,20250717 07:39:35.009000,1896713,41,11014,0.98,PACF,12545
NAOV,20250717 07:41:00.870000,1912684,26,11040,0.99,EDGX,12545
NAOV,20250717 07:46:58.107000,1964047,50,11090,0.99,EDGX,12545
NAOV,20250717 07:50:34.692000,1989109,700,11790,0.98,PACF,12545
NAOV,20250717 07:59:31.743000,2059731,50,11840,0.99,MEMX,12545
NAOV,20250717 08:00:00.323000,2090318,100,11940,1,NQNX,12545
NAOV,20250717 08:00:00.534000,2099111,200,12140,1.01,NQNX,12545
NAOV,20250717 08:00:00.930000,2115673,500,12640,0.97,NQNX,12545
NAOV,20250717 08:00:01.235000,2131091,150,12790,0.98,NTRF,12545
NAOV,20250717 08:00:01.589000,2148467,100,12890,1,NQNX,12545
NAOV,20250717 08:00:04.394000,2207559,200,13090,1.01,NQNX,12545
NAOV,20250717 08:00:04.743000,2211523,50,13140,1.01,NQNX,12545
NAOV,20250717 08:00:05.221000,2220595,250,13390,1.01,NQNX,12545
NAOV,20250717 08:00:05.951000,2237650,5,13395,1.01,NQNX,12545
NAOV,20250717 08:00:06.116000,2241607,300,13695,0.97,NQNX,12545
NAOV,20250717 08:00:10.286000,2317153,36,13731,0.97,NQNX,12545
NAOV,20250717 08:00:11.406000,2330247,50,13781,0.97,NQNX,12545
NAOV,20250717 08:00:12.311000,2338781,1,13782,1,NQNX,12545
NAOV,20250717 08:00:12.340000,2338953,1,13783,1,NQNX,12545
NAOV,20250717 08:00:20.875000,2408885,96,13879,0.96,NQNX,12545
NAOV,20250717 08:00:33.792000,2450429,1,13880,0.96,NTRF,12545
NAOV,20250717 08:00:33.831000,2450528,5,13915,0.91,NTRF,12545
NAOV,20250717 08:00:33.831000,2450527,30,13910,0.91,NTRF,12545
NAOV,20250717 08:01:32.859000,2484471,47,13962,0.98,PACF,12545
NAOV,20250717 08:01:43.895000,2487921,19,14334,0.98,PACF,12545
NAOV,20250717 08:01:43.895000,2487920,353,14315,0.98,PACF,12545
NAOV,20250717 08:01:43.896000,2487922,12,14346,0.97,PACF,12545
NAOV,20250717 08:02:01.439000,2495611,1,14347,0.97,NQNX,12545
NAOV,20250717 08:02:17.571000,2501042,2,14349,0.98,MEMX,12545
NAOV,20250717 08:05:48.705000,2574177,4,14491,0.97,PACF,12545
NAOV,20250717 08:05:48.705000,2574178,35,14526,0.97,PACF,12545
NAOV,20250717 08:05:48.705000,2574179,682,15208,0.97,NQEX,12545
NAOV,20250717 08:05:48.705000,2574176,50,14487,0.97,PACF,12545
NAOV,20250717 08:05:48.705000,2574175,88,14437,0.97,PACF,12545
NAOV,20250717 08:06:44.834000,2591338,35,15243,0.98,MEMX,12545
NAOV,20250717 08:08:32.553000,2623193,631,15887,0.97,NQEX,12545
NAOV,20250717 08:08:32.553000,2623192,13,15256,0.98,MEMX,12545
NAOV,20250717 08:11:30.064000,2677702,100,15987,0.97,MEMX,12545
NAOV,20250717 08:11:56.051000,2684735,200,16187,0.97,MEMX,12545
NAOV,20250717 08:18:48.368000,2792961,687,17174,0.97,NQEX,12545
NAOV,20250717 08:18:48.368000,2792960,300,16487,0.97,MEMX,12545
NAOV,20250717 08:18:48.368000,2792962,101,17275,0.97,NQEX,12545
NAOV,20250717 08:18:48.369000,2792967,100,17585,0.97,NQEX,12545
NAOV,20250717 08:18:48.369000,2792966,100,17485,0.97,NQEX,12545
NAOV,20250717 08:18:48.369000,2792964,10,17385,0.97,PACF,12545
NAOV,20250717 08:18:48.369000,2792963,100,17375,0.97,PACF,12545
NAOV,20250717 08:18:48.369000,2792968,100,17685,0.97,NQEX,12545
NAOV,20250717 08:18:48.370000,2792969,100,17785,0.97,NQEX,12545
NAOV,20250717 08:18:48.370000,2792970,100,17885,0.97,NQEX,12545
NAOV,20250717 08:19:10.998000,2804962,50,17935,0.97,NQNX,12545
NAOV,20250717 08:22:22.027000,2868270,30,17965,0.96,PACF,12545
NAOV,20250717 08:23:21.348000,2884420,50,18015,0.97,NQNX,12545
NAOV,20250717 08:23:29.568000,2886495,47,18062,0.97,NQNX,12545
NAOV,20250717 08:25:33.010000,2915040,7,18069,0.96,EDGX,12545
NAOV,20250717 08:26:19.403000,2927674,31,18100,0.96,EDGX,12545
NAOV,20250717 08:26:49.576000,2935273,46,18146,0.96,PACF,12545
NAOV,20250717 08:28:19.314000,2953177,278,20584,0.96,EDGX,12545
NAOV,20250717 08:28:19.314000,2953178,15,20599,0.96,PACF,12545
NAOV,20250717 08:28:19.314000,2953175,222,20028,0.96,NQEX,12545
NAOV,20250717 08:28:19.314000,2953174,300,19806,0.96,NQEX,12545
NAOV,20250717 08:28:19.314000,2953173,50,19506,0.96,BATS,12545
NAOV,20250717 08:28:19.314000,2953172,222,19456,0.96,EDGX,12545
NAOV,20250717 08:28:19.314000,2953170,3,19134,0.96,PACF,12545
NAOV,20250717 08:28:19.314000,2953176,278,20306,0.96,NQEX,12545
NAOV,20250717 08:28:19.314000,2953169,1,19131,0.96,PACF,12545
NAOV,20250717 08:28:19.314000,2953167,954,19100,0.96,PACF,12545
NAOV,20250717 08:28:19.314000,2953168,30,19130,0.96,PACF,12545
NAOV,20250717 08:28:19.314000,2953171,100,19234,0.96,PACF,12545
NAOV,20250717 08:28:32.179000,2955684,346,20945,0.96,NQNX,12545
NAOV,20250717 08:31:30.584000,3022659,1100,22045,0.95,NTRF,12545
NAOV,20250717 08:31:45.773000,3027588,600,22645,0.96,PACF,12545
NAOV,20250717 08:31:50.734000,3029926,413,23058,0.96,PACF,12545
NAOV,20250717 08:31:50.734000,3029927,3,23061,0.96,PACF,12545
NAOV,20250717 08:31:53.184000,3030632,1,23062,0.97,PACF,12545
NAOV,20250717 08:31:53.185000,3030633,99,23161,0.97,NQEX,12545
NAOV,20250717 08:32:40.683000,3048783,1000,24161,0.96,MEMX,12545
NAOV,20250717 08:32:40.683000,3048784,15,24176,0.96,NQNX,12545
NAOV,20250717 08:36:03.262000,3138734,110,24286,0.96,MEMX,12545
NAOV,20250717 08:37:39.490000,3183038,7400,31686,0.97,NQNX,12545
NAOV,20250717 08:37:56.110000,3191296,99,31786,0.97,NQEX,12545
NAOV,20250717 08:37:56.110000,3191295,1,31687,0.97,NQEX,12545
NAOV,20250717 08:38:01.867000,3194029,100,31887,0.97,NQEX,12545
NAOV,20250717 08:38:01.867000,3194028,1,31787,0.97,NQEX,12545
NAOV,20250717 08:38:01.868000,3194030,58,31945,0.97,NQEX,12545
NAOV,20250717 08:40:03.244000,3246761,150,32395,0.97,NQNX,12545
NAOV,20250717 08:40:03.244000,3246760,300,32245,0.97,NQNX,12545
NAOV,20250717 08:41:11.999000,3276703,40,32435,0.96,NQNX,12545
NAOV,20250717 08:42:24.218000,3309670,100,32535,0.96,NQNX,12545
NAOV,20250717 08:43:52.146000,3341135,70,32605,0.96,MEMX,12545
NAOV,20250717 08:43:59.699000,3343145,1,32606,0.96,PACF,12545
NAOV,20250717 08:43:59.699000,3343146,100,32706,0.97,EDGX,12545
NAOV,20250717 08:43:59.699000,3343147,100,32806,0.97,PACF,12545
NAOV,20250717 08:44:29.154000,3352546,299,33105,0.96,PACF,12545
NAOV,20250717 08:49:09.744000,3456621,100,33205,0.96,EDGX,12545
NAOV,20250717 08:49:51.261000,3470769,100,33305,0.96,EDGX,12545
NAOV,20250717 08:51:35.743000,3516071,1,33306,0.99,NQNX,12545
NAOV,20250717 08:58:22.138000,3690496,442,33748,0.99,EDGX,12545
NAOV,20250717 08:59:45.853000,3725362,200,33948,0.98,NTRF,12545
NAOV,20250717 08:59:51.755000,3727172,48,34008,0.98,EDGX,12545
NAOV,20250717 08:59:51.755000,3727171,12,33960,0.98,EDGX,12545
NAOV,20250717 09:02:23.489000,3785545,4,34012,0.99,NQNX,12545
NAOV,20250717 09:03:10.334000,3800234,20,34032,1.01,NQNX,12545
NAOV,20250717 09:04:42.831000,3841695,189,34221,0.99,NQEX,12545
NAOV,20250717 09:04:42.833000,3841696,11,34232,0.99,NQNX,12545
NAOV,20250717 09:04:42.835000,3841697,11,34243,1,NQNX,12545
NAOV,20250717 09:04:49.277000,3843941,200,34443,0.99,PACF,12545
NAOV,20250717 09:05:07.157000,3851405,260,34703,0.98,NQNX,12545
NAOV,20250717 09:05:13.898000,3853943,60,34763,0.99,PACF,12545
NAOV,20250717 09:05:33.845000,3861599,60,34823,0.98,PACF,12545
NAOV,20250717 09:07:47.353000,3910754,13,34836,0.99,NQNX,12545
NAOV,20250717 09:10:19.056000,3955520,8,34844,0.98,EDGX,12545
NAOV,20250717 09:11:25.878000,3980805,9,34853,0.98,EDGX,12545
NAOV,20250717 09:15:08.355000,4066413,7,34860,0.98,EDGX,12545
NAOV,20250717 09:15:49.763000,4082605,1,34861,0.98,EDGX,12545
NAOV,20250717 09:15:54.533000,4084550,63,34924,0.98,EDGX,12545
NAOV,20250717 09:17:38.050000,4118090,200,35124,0.98,NQNX,12545
NAOV,20250717 09:18:45.943000,4144499,2,35126,0.99,NQNX,12545
NAOV,20250717 09:20:51.585000,4192892,300,35426,0.99,PACF,12545
NAOV,20250717 09:26:29.397000,4347842,80,35506,0.99,PACF,12545
NAOV,20250717 09:30:00.984000,4501472,593,36099,0.98,NQEX,12606
NAOV,20250717 09:30:00.984000,4501473,593,36692,0.98,NQEX,12610
NAOV,20250717 09:30:49.570000,4971344,1113,37805,0.98,NQNX,12544
NAOV,20250717 09:30:55.842000,4997787,940,38745,0.98,NQNX,12544
NAOV,20250717 09:32:43.044000,5602081,112,38857,0.98,EDGX,12639
NAOV,20250717 09:32:46.164000,5616663,902,39759,0.98,NQNX,12544
NAOV,20250717 09:32:49.004000,5628957,10,39769,0.98,NQNX,12659
NAOV,20250717 09:32:59.616000,5674517,2031,41800,0.98,NQNX,12544
NAOV,20250717 09:32:59.620000,5674527,1,41801,0.98,NQNX,12659
NAOV,20250717 09:33:22.201000,5783848,2290,44091,0.98,NQNX,12544
NAOV,20250717 09:33:28.931000,5817376,11,44102,0.98,EDGX,12659
NAOV,20250717 09:33:39.981000,5866785,20,44122,0.98,NQNX,12659
NAOV,20250717 09:33:46.403000,5897632,20,44142,0.98,EDGX,12659
NAOV,20250717 09:34:16.144000,6033950,1000,45142,0.98,NQNX,12544
NAOV,20250717 09:35:48.074000,6448159,200,45342,0.98,NQNX,12544
NAOV,20250717 09:36:57.685000,6740841,1017,46359,0.98,NQNX,12544
NAOV,20250717 09:38:46.189000,7129260,298,46657,0.98,EDGX,12639
NAOV,20250717 09:40:25.659000,7466503,667,47328,0.98,EDGX,12544
NAOV,20250717 09:40:25.659000,7466502,4,46661,0.98,EDGX,12659
NAOV,20250717 09:40:49.976000,7544068,1018,48346,0.98,NQNX,12544
NAOV,20250717 09:46:16.958000,8638032,457,48803,0.97,NQNX,12544
NAOV,20250717 09:46:17.948000,8641484,1,48804,0.98,NTRF,12659
NAOV,20250717 09:46:37.632000,8703909,7,48841,0.96,PACF,12659
NAOV,20250717 09:46:37.632000,8703906,10,48814,0.97,PACF,12659
NAOV,20250717 09:46:37.632000,8703907,10,48824,0.97,PACF,12610
NAOV,20250717 09:46:37.632000,8703908,10,48834,0.96,PACF,12659
NAOV,20250717 09:46:37.632000,8703912,10,48964,0.96,PACF,12659
NAOV,20250717 09:46:37.632000,8703910,100,48941,0.96,PACF,12544
NAOV,20250717 09:46:37.632000,8703911,13,48954,0.96,PACF,12659
NAOV,20250717 09:46:37.634000,8703918,103,49092,0.96,NQEX,12544
NAOV,20250717 09:46:37.634000,8703916,25,48989,0.97,NQEX,12659
NAOV,20250717 09:46:37.635000,8703923,25,49362,0.96,PACF,12659
NAOV,20250717 09:46:37.635000,8703922,75,49337,0.96,PACF,12659
NAOV,20250717 09:46:37.635000,8703921,100,49262,0.96,PACF,12544
NAOV,20250717 09:46:37.635000,8703920,70,49162,0.96,NQEX,12659
NAOV,20250717 09:46:37.822000,8704366,100,49462,0.96,NQNX,12544
NAOV,20250717 09:47:06.613000,8796911,1930,51392,0.98,NQNX,12544
NAOV,20250717 09:47:06.635000,8796948,35,51427,0.98,NQNX,12659
NAOV,20250717 09:47:10.492000,8810132,4,51431,0.98,NQNX,12659
NAOV,20250717 09:47:20.295000,8837576,15,51446,0.99,BATY,12659
NAOV,20250717 09:47:51.883000,8934157,56,51502,0.98,NTRF,12659
NAOV,20250717 09:48:28.649000,9043483,43,51545,0.98,NTRF,12659
NAOV,20250717 09:48:28.674000,9043523,2,51547,0.98,NQNX,12659
NAOV,20250717 09:48:54.307000,9110322,100,51647,0.98,NTRF,12544
NAOV,20250717 09:48:54.338000,9110413,2,51649,0.98,NQNX,12659
NAOV,20250717 09:49:31.785000,9214833,2,51651,0.97,NTRF,12659
NAOV,20250717 09:50:10.675000,9332086,50,51701,0.98,NTRF,12659
NAOV,20250717 09:50:35.178000,9400168,55,51756,0.98,NQNX,12659
NAOV,20250717 09:50:35.214000,9400216,2,51758,0.98,NQNX,12659
NAOV,20250717 09:50:38.756000,9410347,20,51778,0.98,NQNX,12659
NAOV,20250717 09:51:07.647000,9499751,20,51798,0.97,NQNX,12659
NAOV,20250717 09:51:18.779000,9538642,60,51858,0.97,NQNX,12659
NAOV,20250717 09:51:18.832000,9539013,2,51860,0.98,NQNX,12659
NAOV,20250717 09:53:26.694000,9924147,21,51881,0.97,NQNX,12659
NAOV,20250717 09:53:42.673000,9969931,1,51882,0.96,NQNX,12659
NAOV,20250717 09:53:55.623000,10016806,10,51892,0.98,NQNX,12659
NAOV,20250717 09:54:04.606000,10045245,1,51893,0.96,NQNX,12659
NAOV,20250717 09:55:45.944000,10377958,1,51894,0.96,NQNX,12659
NAOV,20250717 09:57:04.075000,10604784,24,51918,0.96,NTRF,12659
NAOV,20250717 09:57:38.330000,10708967,20,51938,0.96,NQNX,12659
NAOV,20250717 09:57:38.364000,10709071,2,51940,0.97,NQNX,12659
NAOV,20250717 09:58:41.056000,10879790,100,52040,0.98,NQNX,12544
NAOV,20250717 09:58:41.122000,10879894,2,52042,0.98,NQNX,12659
NAOV,20250717 09:59:20.204000,10988794,12,52054,0.97,NQNX,12659
NAOV,20250717 10:00:12.078000,11155297,1,52055,0.98,NQNX,12659
NAOV,20250717 10:01:44.594000,11470537,100,52155,0.97,NQNX,12544
NAOV,20250717 10:02:32.854000,11628937,100,52255,0.97,NQNX,12544
NAOV,20250717 10:02:49.488000,11683759,2300,54555,0.98,NQNX,12544
NAOV,20250717 10:04:30.882000,11977463,12,54567,0.97,NQNX,12659
NAOV,20250717 10:04:55.636000,12043116,112,54679,0.97,PACF,12639
NAOV,20250717 10:04:55.636000,12043117,1,54680,0.97,PACF,12659
NAOV,20250717 10:05:06.630000,12072850,1,54681,0.97,NQNX,12659
NAOV,20250717 10:05:20.184000,12117892,1,54682,0.97,NQNX,12659
NAOV,20250717 10:05:33.497000,12161828,1,54683,0.97,NQNX,12659
NAOV,20250717 10:05:49.699000,12209532,1,54684,0.97,NQNX,12659
NAOV,20250717 10:06:11.492000,12274437,1,54685,0.96,NQNX,12659
NAOV,20250717 10:07:09.719000,12456831,10,54695,0.97,NQNX,12659
NAOV,20250717 10:07:27.548000,12508155,1,54696,0.97,NQNX,12659
NAOV,20250717 10:07:41.077000,12540305,1,54697,0.98,NQNX,12659
NAOV,20250717 10:08:19.659000,12648566,4,54701,0.98,NTRF,12659
NAOV,20250717 10:08:19.995000,12649631,250,54951,0.97,NQNX,12544
NAOV,20250717 10:08:20.063000,12649830,9,54960,0.98,NQNX,12659
NAOV,20250717 10:08:38.314000,12698587,13,54973,0.97,NQNX,12659
NAOV,20250717 10:08:41.611000,12705817,12,54985,0.96,BATY,12659
NAOV,20250717 10:09:39.472000,12863707,100,55085,0.97,NQNX,12544
NAOV,20250717 10:09:41.031000,12867261,30,55115,0.98,NQNX,12659
NAOV,20250717 10:11:05.599000,13100513,64,55179,0.97,BATS,12659
NAOV,20250717 10:11:10.469000,13114098,500,55679,0.96,NQNX,12544
NAOV,20250717 10:11:10.504000,13114250,13,55692,0.97,NQNX,12659
NAOV,20250717 10:11:13.699000,13128400,2,55694,0.97,NQNX,12659
NAOV,20250717 10:11:30.953000,13181104,1000,56694,0.96,NQNX,12544
NAOV,20250717 10:11:31.009000,13181380,18,56712,0.98,NQNX,12659
NAOV,20250717 10:11:33.901000,13188601,2,56714,0.97,NQNX,12659
NAOV,20250717 10:11:49.546000,13235681,244,56958,0.96,NTRF,12544
NAOV,20250717 10:12:00.380000,13266175,489,57447,0.97,NQNX,12544
NAOV,20250717 10:12:00.402000,13266317,14,57461,0.98,NQNX,12659
NAOV,20250717 10:12:46.004000,13405839,67,57528,0.97,NQNX,12659
NAOV,20250717 10:12:46.461000,13406796,1,57529,0.97,NQNX,12659
NAOV,20250717 10:12:50.929000,13419404,200,57729,0.97,NQNX,12544
NAOV,20250717 10:12:50.962000,13419480,6,57735,0.98,NQNX,12659
NAOV,20250717 10:13:46.991000,13569094,100,57835,0.97,PACF,12639
NAOV,20250717 10:14:09.860000,13634925,100,57935,0.98,NTRF,12544
NAOV,20250717 10:14:31.841000,13693441,1700,59635,0.97,NQNX,12544
NAOV,20250717 10:14:31.841000,13693442,591,60226,0.97,NQNX,12544
NAOV,20250717 10:14:31.877000,13693555,50,60276,0.97,NQNX,12659
NAOV,20250717 10:16:17.735000,14004354,974,61250,0.97,NQNX,12544
NAOV,20250717 10:16:49.081000,14099485,51,61350,0.96,PACF,12659
NAOV,20250717 10:16:49.081000,14099484,5,61299,0.97,PACF,12659
NAOV,20250717 10:16:49.081000,14099483,44,61294,0.96,EDGX,12659
NAOV,20250717 10:17:14.759000,14169323,100,61450,0.97,NTRF,12544
NAOV,20250717 10:17:18.646000,14178416,53,61503,0.96,NQNX,12659
NAOV,20250717 10:17:33.994000,14224322,93,61596,0.96,NQNX,12659
NAOV,20250717 10:17:34.070000,14224508,3,61599,0.97,NQNX,12659
NAOV,20250717 10:18:56.335000,14449731,10,61609,0.97,NQEX,12659
NAOV,20250717 10:18:56.336000,14449735,63,61699,0.96,PACF,12659
NAOV,20250717 10:18:56.336000,14449733,22,61631,0.96,PACF,12659
NAOV,20250717 10:18:56.336000,14449738,6,61705,0.97,NQNX,12659
NAOV,20250717 10:18:56.336000,14449734,5,61636,0.96,PACF,12659
NAOV,20250717 10:19:55.259000,14606177,200,61905,0.97,NQNX,12544
NAOV,20250717 10:21:25.607000,14859564,5,62005,0.96,PACF,12659
NAOV,20250717 10:21:25.607000,14859563,85,62000,0.96,MEMX,12659
NAOV,20250717 10:21:25.607000,14859562,10,61915,0.97,NQEX,12659
NAOV,20250717 10:22:03.500000,14951910,1,62006,0.97,BTRF,12659
NAOV,20250717 10:23:09.459000,15148293,100,62106,0.97,NQNX,12544
NAOV,20250717 10:23:09.460000,15148294,85,62191,0.97,NQNX,12659
NAOV,20250717 10:23:09.603000,15148482,20,62211,0.97,NTRF,12659
NAOV,20250717 10:24:12.480000,15311796,1,62212,0.97,NQNX,12659
NAOV,20250717 10:24:14.283000,15315922,100,62312,0.97,EDGX,12639
NAOV,20250717 10:24:14.321000,15315960,2,62314,0.98,NQNX,12659
NAOV,20250717 10:25:06.581000,15431012,100,62414,0.97,NQNX,12544
NAOV,20250717 10:25:06.615000,15431042,2,62416,0.97,NQNX,12659
NAOV,20250717 10:25:53.668000,15536353,200,62616,0.97,NQNX,12544
NAOV,20250717 10:25:53.717000,15536397,4,62620,0.97,NQNX,12659
NAOV,20250717 10:26:26.976000,15625109,5,62625,0.97,NQNX,12659
NAOV,20250717 10:26:40.357000,15657894,2,62627,0.97,NQNX,12659
NAOV,20250717 10:26:51.533000,15681825,118,62745,0.97,NTRF,12544
NAOV,20250717 10:26:51.576000,15681936,3,62748,0.98,NQNX,12659
NAOV,20250717 10:27:29.167000,15778497,2,62750,0.97,PACF,12659
NAOV,20250717 10:27:29.167000,15778498,98,62848,0.97,PACF,12659
NAOV,20250717 10:27:29.338000,15778802,625,63848,0.97,NQNX,12544
NAOV,20250717 10:27:29.338000,15778800,375,63223,0.97,BATS,12639
NAOV,20250717 10:27:31.792000,15786116,20,63868,0.98,NQNX,12659
NAOV,20250717 10:27:33.052000,15788844,1,63869,0.97,NQNX,12659
NAOV,20250717 10:28:44.243000,15967711,3,63872,0.97,NQNX,12659
NAOV,20250717 10:29:10.235000,16032104,100,63972,0.97,NQNX,12544
NAOV,20250717 10:29:10.263000,16032145,2,63974,0.98,NQNX,12659
NAOV,20250717 10:29:35.421000,16093217,10,63984,0.97,NQNX,12659
NAOV,20250717 10:29:35.425000,16093221,1,63985,0.97,NQNX,12659
NAOV,20250717 10:30:04.172000,16157781,1,63986,0.97,NQNX,12659
NAOV,20250717 10:30:15.037000,16185990,200,64186,0.98,NQNX,12544
NAOV,20250717 10:30:15.037000,16185992,12800,76986,0.98,NQNX,12544
NAOV,20250717 10:30:15.039000,16185994,2,76988,0.98,NQEX,12659
NAOV,20250717 10:30:15.039000,16185995,500,77488,0.98,MEMX,12639
NAOV,20250717 10:30:15.039000,16185996,1,77489,0.98,MIAX,12659
NAOV,20250717 10:30:15.042000,16185999,3,77492,0.98,NQNX,12659
NAOV,20250717 10:30:15.044000,16186010,60,77880,0.98,EDGX,12659
NAOV,20250717 10:30:15.044000,16186008,25,77820,0.98,EDGX,12659
NAOV,20250717 10:30:15.044000,16186007,100,77795,0.98,EDGX,12639
NAOV,20250717 10:30:15.044000,16186006,75,77695,0.98,EDGX,12659
NAOV,20250717 10:30:15.044000,16186005,1,77620,0.98,PACF,12659
NAOV,20250717 10:30:15.044000,16186004,17,77619,0.98,PACF,12659
NAOV,20250717 10:30:15.044000,16186003,10,77602,0.98,PACF,12659
NAOV,20250717 10:30:15.044000,16186002,100,77592,0.98,EDGX,12639
NAOV,20250717 10:30:15.049000,16186018,300,78180,0.99,IEX,12544
NAOV,20250717 10:30:15.054000,16186022,10,78190,0.99,PACF,12659
NAOV,20250717 10:30:15.057000,16186029,11,78201,0.99,NQEX,12659
NAOV,20250717 10:30:15.058000,16186032,1,78202,0.99,NYSE,12659
NAOV,20250717 10:30:15.062000,16186037,4,78206,0.98,NQNX,12659
NAOV,20250717 10:30:15.062000,16186043,60,78266,0.99,PACF,12659
NAOV,20250717 10:30:15.066000,16186047,250,78635,1,EDGX,12639
NAOV,20250717 10:30:15.066000,16186046,55,78385,1,BATS,12659
NAOV,20250717 10:30:15.066000,16186045,64,78330,1,EDGX,12659
NAOV,20250717 10:30:16.975000,16191200,282,78917,1.01,NQNX,12544
NAOV,20250717 10:30:34.624000,16228491,500,79417,1,NQNX,12544
NAOV,20250717 10:30:48.979000,16264206,1,79418,1,NQNX,12659
NAOV,20250717 10:31:13.195000,16320210,500,79918,1,NQNX,12544
NAOV,20250717 10:31:15.168000,16324028,1,79919,1.01,NQNX,12659
NAOV,20250717 10:31:37.645000,16381742,16,79948,1,NQEX,12659
NAOV,20250717 10:31:37.645000,16381741,13,79932,1,NQEX,12659
NAOV,20250717 10:31:37.645000,16381743,16,79964,1,NQEX,12659
NAOV,20250717 10:31:37.645000,16381744,5,79969,1,NQEX,12659
NAOV,20250717 10:31:37.645000,16381745,1,79970,0.99,BATS,12659
NAOV,20250717 10:31:37.645000,16381747,9,79992,1,PACF,12659
NAOV,20250717 10:31:37.645000,16381746,13,79983,1,PACF,12659
NAOV,20250717 10:32:21.236000,16473426,300,80292,1.01,MEMX,12639
NAOV,20250717 10:34:09.530000,16717116,94,80386,0.99,NQNX,12659
NAOV,20250717 10:34:09.567000,16717149,2,80388,0.99,NQNX,12659
NAOV,20250717 10:36:51.502000,17086302,4,80392,0.99,NQNX,12659
NAOV,20250717 10:38:33.756000,17339408,4,80396,1,NQNX,12659
NAOV,20250717 10:39:07.514000,17419860,1400,81796,0.98,NTRF,12544
NAOV,20250717 10:39:07.553000,17419985,28,81824,1.01,NQNX,12659
NAOV,20250717 10:39:18.536000,17440897,8,81832,0.98,NTRF,12659
NAOV,20250717 10:40:50.927000,17638815,200,82032,1,NQNX,12544
NAOV,20250717 10:40:50.968000,17638932,4,82036,1.01,NQNX,12659
NAOV,20250717 10:41:08.259000,17675312,2,82038,0.98,NQNX,12659
NAOV,20250717 10:41:21.825000,17702786,2,82040,0.99,NQNX,12659
NAOV,20250717 10:41:40.574000,17736765,50,82090,0.98,NQNX,12659
NAOV,20250717 10:41:40.622000,17736824,1,82091,1.01,NQNX,12659
NAOV,20250717 10:42:19.278000,17816328,20,82111,0.98,NQNX,12659
NAOV,20250717 10:42:19.306000,17816369,1,82112,0.99,NQNX,12659
NAOV,20250717 10:44:06.791000,18029535,4,82116,0.99,NQNX,12659
NAOV,20250717 10:44:18.525000,18054097,4,82120,1,NQNX,12659
NAOV,20250717 10:44:28.139000,18074424,4,82124,1,NQNX,12659
NAOV,20250717 10:44:55.489000,18127040,4,82128,1,NQNX,12659
NAOV,20250717 10:45:30.688000,18205248,8,82136,1.01,NQNX,12659
NAOV,20250717 10:45:36.969000,18219262,76,82212,0.98,NQNX,12659
NAOV,20250717 10:47:03.205000,18393257,50,82262,0.98,NQNX,12659
NAOV,20250717 10:47:22.318000,18433354,7148,89410,1,NQNX,12544
NAOV,20250717 10:47:55.367000,18502721,6,89416,0.98,NQNX,12659
NAOV,20250717 10:48:30.055000,18575565,2,89418,1,NQNX,12659
NAOV,20250717 10:48:45.625000,18610290,26,89444,0.99,NTRF,12659
NAOV,20250717 10:48:59.988000,18640477,2,89446,1,NTRF,12659
NAOV,20250717 10:51:19.815000,18938757,149,89595,1,NQNX,12544
NAOV,20250717 10:52:47.409000,19108481,5,89600,0.99,NQNX,12659
NAOV,20250717 10:53:11.248000,19160826,5,89605,0.98,NQNX,12659
NAOV,20250717 10:53:17.941000,19176677,5,89610,1,NQNX,12659
NAOV,20250717 10:53:35.611000,19215960,4,89614,1,NTRF,12659
NAOV,20250717 10:53:41.965000,19228660,4,89618,0.99,NQNX,12659
NAOV,20250717 10:54:42.312000,19359582,600,90418,0.99,NQNX,12544
NAOV,20250717 10:54:42.312000,19359581,200,89818,0.99,NQNX,12544
NAOV,20250717 10:54:42.314000,19359598,1500,91918,0.99,NQNX,12544
NAOV,20250717 10:54:42.369000,19359738,52,91970,1,NQNX,12659
NAOV,20250717 10:55:48.349000,19494625,47,92017,0.99,EDGX,12659
NAOV,20250717 10:55:48.349000,19494626,200,92217,0.99,EDGX,12544
NAOV,20250717 10:56:34.934000,19604243,3,92220,0.99,EDGX,12659
NAOV,20250717 10:56:34.940000,19604273,3,92377,0.99,PACF,12659
NAOV,20250717 10:56:34.940000,19604274,240,92617,0.99,PACF,12639
NAOV,20250717 10:56:34.940000,19604272,154,92374,0.99,PACF,12639
NAOV,20250717 10:56:45.943000,19629461,4076,96693,1,NQNX,12544
NAOV,20250717 10:58:11.491000,19791648,30,96723,0.99,NQNX,12659
NAOV,20250717 11:00:13.188000,20045351,20,96743,0.99,NQNX,12659
NAOV,20250717 11:00:14.549000,20049390,25,96768,0.98,NQNX,12659
NAOV,20250717 11:01:18.494000,20179840,300,97068,0.99,NQNX,12544
NAOV,20250717 11:03:21.839000,20436997,1,97069,0.99,NTRF,12659
NAOV,20250717 11:03:55.822000,20495755,10,97079,0.99,NQNX,12659
NAOV,20250717 11:04:47.353000,20592045,208,97287,0.99,NQNX,12544
NAOV,20250717 11:05:49.541000,20727088,24,97311,0.99,NQNX,12659
NAOV,20250717 11:05:49.544000,20727091,31,97342,0.99,PACF,12659
NAOV,20250717 11:06:56.637000,20863458,30,97372,0.99,NQNX,12659
NAOV,20250717 11:06:56.711000,20863564,2,97374,1,NQNX,12659
NAOV,20250717 11:07:11.866000,20894217,69,97443,0.99,PACF,12659
NAOV,20250717 11:07:11.866000,20894218,9,97452,0.99,PACF,12659
NAOV,20250717 11:07:11.866000,20894220,15,97474,0.99,PACF,12659
NAOV,20250717 11:07:11.866000,20894219,7,97459,0.99,PACF,12659
NAOV,20250717 11:07:11.867000,20894221,50,97524,0.99,PACF,12659
NAOV,20250717 11:08:47.097000,21074773,20,97548,1,PACF,12659
NAOV,20250717 11:08:47.097000,21074772,4,97528,1,PACF,12659
NAOV,20250717 11:08:47.097000,21074774,27,97575,1,PACF,12659
NAOV,20250717 11:09:56.054000,21202651,1,97576,0.99,NQNX,12659
NAOV,20250717 11:10:06.883000,21226038,1,97577,0.99,NQNX,12659
NAOV,20250717 11:10:18.335000,21253824,1,97578,0.99,NQNX,12659
NAOV,20250717 11:10:54.703000,21331365,7,97585,0.99,NTRF,12659
NAOV,20250717 11:10:59.970000,21340962,1,97586,0.99,NTRF,12659
NAOV,20250717 11:12:00.207000,21455415,1000,98586,1,NQNX,12544
NAOV,20250717 11:12:00.531000,21456646,280,98873,1,BATY,12639
NAOV,20250717 11:12:00.531000,21456635,7,98593,1,NQEX,12659
NAOV,20250717 11:12:00.532000,21456648,473,99346,1,PACF,12544
NAOV,20250717 11:12:00.532000,21456649,100,99446,1,BATY,12639
NAOV,20250717 11:12:03.628000,21464148,21,99467,1,NQNX,12659
NAOV,20250717 11:12:14.892000,21489536,725,100192,0.99,NTRF,12544
NAOV,20250717 11:12:14.971000,21489620,17,100209,1,NQNX,12659
NAOV,20250717 11:12:27.324000,21513223,300,100509,1,NQNX,12544
NAOV,20250717 11:12:27.384000,21513303,6,100515,0.99,NQNX,12659
NAOV,20250717 11:12:39.041000,21532149,12,100527,0.99,NQNX,12659
NAOV,20250717 11:14:42.418000,21783351,10,100537,0.99,NQNX,12659
NAOV,20250717 11:14:44.569000,21787477,47,100584,0.99,NQNX,12659
NAOV,20250717 11:14:44.569000,21787478,853,101437,0.99,NQNX,12544
NAOV,20250717 11:14:44.621000,21787731,20,101457,0.99,NQNX,12659
NAOV,20250717 11:14:45.038000,21788410,10,101467,1,NQNX,12659
NAOV,20250717 11:14:58.055000,21825507,50,101517,0.99,NQNX,12659
NAOV,20250717 11:15:04.915000,21840777,50,101567,1,NTRF,12659
NAOV,20250717 11:15:04.993000,21840909,3,101570,1,NQNX,12659
NAOV,20250717 11:15:55.730000,21941622,800,102370,1,NQNX,12544
NAOV,20250717 11:16:15.567000,21984871,22,102392,0.99,NQNX,12659
NAOV,20250717 11:16:19.040000,21989662,50,102442,0.99,NQNX,12659
NAOV,20250717 11:16:20.006000,21991168,50,102492,0.99,NQNX,12659
NAOV,20250717 11:16:21.740000,21993777,50,102542,1,NQNX,12659
NAOV,20250717 11:16:49.393000,22049237,50,102592,0.99,NQNX,12659
NAOV,20250717 11:19:12.959000,22339974,25,102617,0.99,NQNX,12659
NAOV,20250717 11:19:13.014000,22340015,3,102620,0.99,NQNX,12659
NAOV,20250717 11:19:20.701000,22357581,100,102720,0.99,NQNX,12544
NAOV,20250717 11:19:54.610000,22423920,5,102725,0.99,PACF,12659
NAOV,20250717 11:20:01.257000,22449141,50,102775,0.99,NQNX,12659
NAOV,20250717 11:20:01.306000,22449249,3,102778,1,NQNX,12659
NAOV,20250717 11:20:05.469000,22458513,1700,104478,0.99,NQNX,12544
NAOV,20250717 11:20:05.481000,22458711,100,104578,0.99,NQNX,12544
NAOV,20250717 11:20:05.481000,22458712,929,105507,0.99,NQNX,12544
NAOV,20250717 11:20:05.481000,22458714,769,106376,0.99,NQNX,12544
NAOV,20250717 11:20:05.481000,22458713,100,105607,0.99,NQNX,12544
NAOV,20250717 11:20:05.482000,22458715,100,106476,0.99,NQNX,12544
NAOV,20250717 11:20:05.482000,22458716,207,106683,0.99,NQNX,12544
NAOV,20250717 11:20:05.483000,22458719,11,106894,0.99,NQNX,12659
NAOV,20250717 11:20:05.483000,22458718,100,106883,0.99,NQNX,12544
NAOV,20250717 11:20:05.483000,22458717,100,106783,0.99,NQNX,12544
NAOV,20250717 11:20:05.485000,22458720,30,106924,0.99,PACF,12659
NAOV,20250717 11:20:05.485000,22458721,100,107024,0.99,PACF,12639
NAOV,20250717 11:20:05.485000,22458722,1,107025,0.99,PACF,12659
NAOV,20250717 11:20:05.485000,22458723,22,107047,0.99,PACF,12659
NAOV,20250717 11:20:05.485000,22458724,3,107050,0.99,PACF,12659
NAOV,20250717 11:20:05.485000,22458725,728,107778,0.99,PACF,12639
NAOV,20250717 11:20:13.536000,22474567,50,107828,0.99,NQNX,12659
NAOV,20250717 11:22:02.231000,22684562,100,107928,0.99,NQNX,12544
NAOV,20250717 11:22:28.206000,22729199,965,108893,0.99,NQNX,12544
NAOV,20250717 11:22:28.208000,22729202,965,109858,1,NQNX,12544
NAOV,20250717 11:22:43.559000,22755647,4,109862,1,NQNX,12659
NAOV,20250717 11:25:53.673000,23110087,100,109962,0.99,NQNX,12544
NAOV,20250717 11:27:51.163000,23329498,10,109972,0.99,PACF,12659
NAOV,20250717 11:27:51.163000,23329499,228,110200,0.99,NQNX,12544
NAOV,20250717 11:28:08.710000,23359887,1,110201,0.99,NQNX,12659
NAOV,20250717 11:28:09.074000,23360476,1,110202,0.99,NTRF,12659
NAOV,20250717 11:29:27.137000,23504853,700,110902,0.99,NQNX,12544
NAOV,20250717 11:29:27.235000,23504937,23,110925,1,NQNX,12659
NAOV,20250717 11:29:36.084000,23519192,1,110926,0.99,NQNX,12659
NAOV,20250717 11:31:25.515000,23718156,16,110942,0.99,NQNX,12659
NAOV,20250717 11:32:57.471000,23908230,1,110943,0.99,NQNX,12659
NAOV,20250717 11:35:39.154000,24228600,600,111543,0.99,NQNX,12544
NAOV,20250717 11:35:57.066000,24264705,1,111544,0.99,NQNX,12659
NAOV,20250717 11:36:10.986000,24290493,950,112494,0.99,NQNX,12544
NAOV,20250717 11:38:41.461000,24580002,3,112497,0.99,PACF,12659
NAOV,20250717 11:38:58.075000,24605174,21,112643,0.99,PACF,12659
NAOV,20250717 11:38:58.075000,24605173,18,112622,0.99,PACF,12659
NAOV,20250717 11:38:58.075000,24605172,100,112604,0.99,PACF,12544
NAOV,20250717 11:38:58.075000,24605171,7,112504,0.99,PACF,12659
NAOV,20250717 11:38:58.075000,24605175,46,112689,0.99,PACF,12659
NAOV,20250717 11:39:06.090000,24617272,3,112692,0.99,NQNX,12659
NAOV,20250717 11:43:03.297000,25021801,500,113192,1,NQNX,12544
NAOV,20250717 11:45:23.705000,25249823,58,113250,1,NQEX,12659
NAOV,20250717 11:46:27.372000,25365284,700,113950,0.99,NTRF,12544
NAOV,20250717 11:48:17.564000,25558950,3000,116950,1,NQNX,12544
NAOV,20250717 11:48:17.603000,25559030,67,117017,1,NQNX,12659
NAOV,20250717 11:48:51.721000,25611932,1,117018,1,NTRF,12659
NAOV,20250717 11:48:59.833000,25624585,186,117260,1,NQEX,12639
NAOV,20250717 11:48:59.833000,25624596,5,117265,1,EDGX,12659
NAOV,20250717 11:48:59.833000,25624584,56,117074,1,NQEX,12659
NAOV,20250717 11:48:59.834000,25624655,345,117716,1,BATS,12639
NAOV,20250717 11:48:59.834000,25624600,6,117271,1,PACF,12659
NAOV,20250717 11:48:59.834000,25624628,45,117316,1,EDGX,12659
NAOV,20250717 11:48:59.834000,25624629,55,117371,1,BATS,12659
NAOV,20250717 11:48:59.882000,25625105,16,117732,1.01,NQNX,12659
NAOV,20250717 11:49:50.598000,25701141,13,117745,1,NQNX,12659
NAOV,20250717 11:49:50.598000,25701142,25,117770,1,NQNX,12659
NAOV,20250717 11:50:40.733000,25791015,125,117895,1,NQNX,12544
NAOV,20250717 11:50:40.783000,25791077,4,117899,1,NQNX,12659
NAOV,20250717 11:50:41.223000,25791657,1,117900,1,NTRF,12659
NAOV,20250717 11:51:24.396000,25865753,300,118200,1.01,NQEX,12639
NAOV,20250717 11:51:24.485000,25865876,7,118207,1.01,NQNX,12659
NAOV,20250717 11:51:27.011000,25870065,100,118307,1,NQNX,12544
NAOV,20250717 11:51:50.083000,25908262,30,118337,1.01,NQNX,12659
NAOV,20250717 11:51:50.083000,25908264,470,118837,1,NQNX,12544
NAOV,20250717 11:51:50.083000,25908263,30,118367,1,NQNX,12659
NAOV,20250717 11:51:50.229000,25908495,14,118851,1.01,NQNX,12659
NAOV,20250717 11:53:10.979000,26040884,8,118859,1,NTRF,12659
NAOV,20250717 11:53:30.336000,26074327,130,118989,1,NQNX,12544
NAOV,20250717 11:53:30.390000,26074404,3,118992,1.01,NQNX,12659
NAOV,20250717 11:53:44.381000,26095457,151,119143,1,NQNX,12544
NAOV,20250717 11:53:44.425000,26095517,3,119146,1.01,NQNX,12659
NAOV,20250717 11:53:56.082000,26111122,25,119171,1,NQNX,12659
NAOV,20250717 11:54:59.421000,26215917,10,119181,1,NQNX,12659
NAOV,20250717 11:55:07.224000,26228099,300,119481,1,NQNX,12544
NAOV,20250717 11:55:07.276000,26228173,8,119489,1,NQNX,12659
NAOV,20250717 11:55:43.223000,26286491,500,119989,1,NQNX,12544
NAOV,20250717 11:55:43.269000,26286562,11,120000,1.01,NQNX,12659
NAOV,20250717 11:58:38.205000,26571602,40,120040,1,NQNX,12659
NAOV,20250717 11:59:32.299000,26661068,25,120065,1,NQNX,12659
NAOV,20250717 12:00:37.302000,26770698,410,120475,1,NQNX,12544
NAOV,20250717 12:00:50.991000,26791322,16,120491,1.01,NQNX,12659
NAOV,20250717 12:01:27.807000,26848457,1,120492,1,NQNX,12659
NAOV,20250717 12:02:49.537000,26975453,2,120494,1,EDGX,12659
NAOV,20250717 12:02:49.537000,26975454,357,120851,1,EDGX,12639
NAOV,20250717 12:02:49.540000,26975455,13,120864,1,NQNX,12659
NAOV,20250717 12:02:50.538000,26977179,1,120865,1,BOST,12659
NAOV,20250717 12:04:15.023000,27115036,1,120866,0.99,NQNX,12659
NAOV,20250717 12:04:16.271000,27117481,1,120867,1,NQNX,12659
NAOV,20250717 12:04:21.866000,27125017,1,120868,1,NQNX,12659
NAOV,20250717 12:04:49.627000,27173421,130,120998,0.99,NQNX,12544
NAOV,20250717 12:04:49.669000,27173484,3,121001,1,NQNX,12659
NAOV,20250717 12:06:52.378000,27381101,34,121035,0.99,NQNX,12659
NAOV,20250717 12:08:31.853000,27527850,540,121575,1,NQNX,12544
NAOV,20250717 12:08:31.887000,27527885,14,121589,1.01,NQNX,12659
NAOV,20250717 12:08:59.211000,27565396,1,121590,1.01,NQNX,12659
NAOV,20250717 12:11:50.509000,27839983,1,121591,1.01,PACF,12659
NAOV,20250717 12:11:50.509000,27839985,5,121598,1.01,PACF,12659
NAOV,20250717 12:11:50.509000,27839984,2,121593,1.01,PACF,12659
NAOV,20250717 12:11:55.622000,27850043,3000,124598,1,NQNX,12544
NAOV,20250717 12:11:55.661000,27850078,74,124672,1,NQNX,12659
NAOV,20250717 12:11:55.865000,27850400,25,124697,1,NQNX,12659
NAOV,20250717 12:11:55.865000,27850401,54,124751,1,NQEX,12659
NAOV,20250717 12:11:55.866000,27850406,497,125472,1,PACF,12639
NAOV,20250717 12:11:55.866000,27850402,100,124851,1,PACF,12639
NAOV,20250717 12:11:55.866000,27850405,100,124975,1,PACF,12639
NAOV,20250717 12:11:55.866000,27850403,9,124860,1,PACF,12659
NAOV,20250717 12:11:55.866000,27850404,15,124875,1,PACF,12659
NAOV,20250717 12:11:55.870000,27850408,2200,127672,1,NQNX,12544
NAOV,20250717 12:13:12.324000,27975985,1183,128855,1,NQNX,12544
NAOV,20250717 12:16:11.230000,28228649,50,128905,1,NQNX,12659
NAOV,20250717 12:16:43.182000,28279107,2,128907,1,EDGX,12659
NAOV,20250717 12:16:43.184000,28279119,2,128909,1,NQNX,12659
NAOV,20250717 12:16:43.498000,28279677,98,129007,1,NQNX,12659
NAOV,20250717 12:18:09.986000,28418563,3,129010,1,NQNX,12659
NAOV,20250717 12:21:21.607000,28765785,9,129019,1,NQNX,12659
NAOV,20250717 12:21:47.290000,28807115,88,129107,1,NQNX,12659
NAOV,20250717 12:21:47.353000,28807198,3,129110,1.01,NQNX,12659
NAOV,20250717 12:23:44.540000,28987135,1,129111,1,IEX,12659
NAOV,20250717 12:23:44.542000,28987143,2,129220,1,PACF,12659
NAOV,20250717 12:23:44.542000,28987145,558,129828,1,PACF,12639
NAOV,20250717 12:23:44.542000,28987139,1,129112,1,PACF,12659
NAOV,20250717 12:23:44.542000,28987140,100,129212,1,PACF,12639
NAOV,20250717 12:23:44.542000,28987141,2,129214,1,PACF,12659
NAOV,20250717 12:23:44.542000,28987142,4,129218,1,PACF,12659
NAOV,20250717 12:23:44.542000,28987144,50,129270,1,PACF,12659
NAOV,20250717 12:26:03.878000,29251377,200,130028,1,NQNX,12544
NAOV,20250717 12:26:05.566000,29254414,10,130038,1,NQNX,12659
NAOV,20250717 12:29:56.349000,29615129,6,130044,1,NTRF,12659
NAOV,20250717 12:31:13.543000,29742836,200,130244,1,NQNX,12544
NAOV,20250717 12:32:12.679000,29841474,389,130633,1,NQNX,12544
NAOV,20250717 12:35:33.477000,30125931,1,130634,1,IEX,12659
NAOV,20250717 12:35:33.487000,30125936,7,130642,1,PACF,12659
NAOV,20250717 12:35:33.487000,30125935,1,130635,1,PACF,12659
NAOV,20250717 12:38:57.012000,30420159,1,130643,1,NTRF,12659
NAOV,20250717 12:39:21.823000,30466400,93,130736,1,PACF,12659
NAOV,20250717 12:39:21.823000,30466405,16,130859,1,PACF,12659
NAOV,20250717 12:39:21.823000,30466402,8,130746,1,PACF,12659
NAOV,20250717 12:39:21.823000,30466401,2,130738,1,PACF,12659
NAOV,20250717 12:39:21.823000,30466407,11,130970,1,PACF,12659
NAOV,20250717 12:39:21.823000,30466403,13,130759,1,PACF,12659
NAOV,20250717 12:39:21.823000,30466404,84,130843,1,PACF,12659
NAOV,20250717 12:39:21.823000,30466406,100,130959,1,PACF,12544
NAOV,20250717 12:41:48.016000,30721088,995,131965,1,NQNX,12544
NAOV,20250717 12:41:48.782000,30721771,1,131966,1,NQNX,12659
NAOV,20250717 12:47:45.041000,31217160,70,132036,1,NQNX,12659
NAOV,20250717 12:49:30.582000,31394039,10,132046,1,NQEX,12659
NAOV,20250717 12:49:54.716000,31426868,10,132056,1,PACF,12659
NAOV,20250717 12:50:14.580000,31457682,15,132122,1.01,PACF,12659
NAOV,20250717 12:50:14.580000,31457680,45,132101,1.01,PACF,12659
NAOV,20250717 12:50:14.580000,31457681,6,132107,1.01,PACF,12659
NAOV,20250717 12:50:14.580000,31457683,434,132556,1.01,PACF,12544
NAOV,20250717 12:50:36.598000,31488668,20,132576,1,EDGX,12659
NAOV,20250717 12:50:36.599000,31488670,20,132596,1,NQNX,12659
NAOV,20250717 12:50:49.688000,31510706,30,132626,1,PACF,12659
NAOV,20250717 13:00:15.966000,32295505,1,132627,1.01,NQEX,12659
NAOV,20250717 13:00:18.612000,32298979,118,133523,1.01,NQEX,12639
NAOV,20250717 13:00:18.612000,32298977,468,133295,1.01,NQEX,12639
NAOV,20250717 13:00:18.612000,32298976,200,132827,1.01,NQEX,12639
NAOV,20250717 13:00:18.612000,32298978,110,133405,1.01,NQEX,12639
NAOV,20250717 13:00:18.612000,32298980,1,133524,1.01,NQEX,12659
NAOV,20250717 13:00:18.661000,32299029,27,133551,1,NQNX,12659
NAOV,20250717 13:01:25.425000,32389111,800,134351,1,NQNX,12544
NAOV,20250717 13:01:25.425000,32389112,190,134541,1.01,NQNX,12544
NAOV,20250717 13:01:26.560000,32391401,3,134544,1.01,NQNX,12659
NAOV,20250717 13:01:41.226000,32412073,1000,135544,1.01,NQNX,12544
NAOV,20250717 13:01:54.408000,32427432,2000,137544,1,NQNX,12544
NAOV,20250717 13:01:54.457000,32427488,56,137600,1,NQNX,12659
NAOV,20250717 13:02:05.413000,32443634,1,137601,1,NQNX,12659
NAOV,20250717 13:02:16.535000,32464085,6811,144412,1,NQNX,12544
NAOV,20250717 13:02:16.535000,32464086,2189,146601,1,NQNX,12544
NAOV,20250717 13:02:16.592000,32464199,256,146857,1.01,NQNX,12544
NAOV,20250717 13:04:50.963000,32680801,4008,150865,1,NQNX,12544
NAOV,20250717 13:04:51.022000,32680848,112,150977,1.01,NQNX,12544
NAOV,20250717 13:06:33.630000,32835292,249,151226,1,NTRF,12544
NAOV,20250717 13:06:33.670000,32835340,7,151233,1.01,NQNX,12659
NAOV,20250717 13:08:53.821000,33016448,1,151234,1,NQNX,12659
NAOV,20250717 13:12:10.086000,33277468,300,151534,1,NQNX,12544
NAOV,20250717 13:12:10.192000,33277554,9,151543,1,NQNX,12659
NAOV,20250717 13:14:02.976000,33430985,200,151743,1,NQNX,12544
NAOV,20250717 13:14:02.977000,33430986,50,151793,1,NQNX,12659
NAOV,20250717 13:14:02.977000,33430988,200,151993,1,NQNX,12544
NAOV,20250717 13:14:02.986000,33431001,50,152043,1,NTRF,12659
NAOV,20250717 13:14:03.134000,33431151,14,152057,1.01,NQNX,12659
NAOV,20250717 13:14:52.644000,33492434,19,152077,1,NQEX,12659
NAOV,20250717 13:14:52.644000,33492433,1,152058,1,NQEX,12659
NAOV,20250717 13:16:44.287000,33635757,1000,153077,1,NQNX,12544
NAOV,20250717 13:17:31.730000,33693627,124,153201,1,NQNX,12544
NAOV,20250717 13:17:42.690000,33709923,100,153301,1,NQNX,12544
NAOV,20250717 13:17:42.699000,33709932,81,153601,1,EDGX,12659
NAOV,20250717 13:17:42.699000,33709931,19,153520,1,NQNX,12659
NAOV,20250717 13:17:42.699000,33709930,100,153501,1,NQNX,12544
NAOV,20250717 13:17:42.699000,33709933,100,153701,1,EDGX,12544
NAOV,20250717 13:17:42.699000,33709929,100,153401,1,NQNX,12544
NAOV,20250717 13:17:42.756000,33709974,15,153716,1,NQNX,12659
NAOV,20250717 13:17:47.325000,33715722,52,153768,1,NQNX,12659
NAOV,20250717 13:17:47.326000,33715723,2,153770,1,NQNX,12659
NAOV,20250717 13:17:47.327000,33715724,79,153849,1,PACF,12659
NAOV,20250717 13:17:47.327000,33715728,100,154216,1,IEX,12544
NAOV,20250717 13:17:47.327000,33715727,200,154116,1,NYSE,12544
NAOV,20250717 13:17:47.327000,33715725,67,153916,1,PACF,12659
NAOV,20250717 13:17:47.385000,33715779,15,154231,1,NQNX,12659
NAOV,20250717 13:18:52.929000,33802447,76,154481,1,PACF,12659
NAOV,20250717 13:18:52.929000,33802443,33,154264,1,PACF,12659
NAOV,20250717 13:18:52.929000,33802445,37,154401,1,PACF,12659
NAOV,20250717 13:18:52.929000,33802446,4,154405,1,PACF,12659
NAOV,20250717 13:18:52.929000,33802444,100,154364,1,PACF,12544
NAOV,20250717 13:18:52.982000,33802496,7,154488,1.01,NQNX,12659
NAOV,20250717 13:18:53.745000,33803401,3,154491,1,NQEX,12659
NAOV,20250717 13:18:59.686000,33811244,1,154492,1,PACF,12659
NAOV,20250717 13:19:03.155000,33815472,11,154503,1,PACF,12659
NAOV,20250717 13:19:43.828000,33863437,78,154593,1,PACF,12659
NAOV,20250717 13:19:43.828000,33863436,12,154515,1,PACF,12659
NAOV,20250717 13:20:05.072000,33899851,22,154615,1,PACF,12659
NAOV,20250717 13:20:05.072000,33899852,6,154621,1,PACF,12659
NAOV,20250717 13:21:15.549000,34004843,100,154721,1,NQEX,12639
NAOV,20250717 13:21:15.550000,34004847,100,155295,1,NQEX,12639
NAOV,20250717 13:21:15.550000,34004846,371,155195,1,PACF,12639
NAOV,20250717 13:21:15.550000,34004845,3,154824,1,PACF,12659
NAOV,20250717 13:21:15.550000,34004844,100,154821,1,PACF,12639
NAOV,20250717 13:21:38.006000,34037917,1734,157295,0.99,NQNX,12544
NAOV,20250717 13:21:38.006000,34037916,266,155561,0.99,NQNX,12544
NAOV,20250717 13:25:08.870000,34311369,100,157395,0.99,NTRF,12544
NAOV,20250717 13:33:04.520000,35048414,100,157495,0.99,EDGE,12639
NAOV,20250717 13:34:49.599000,35194971,426,157921,0.99,NQNX,12544
NAOV,20250717 13:36:27.458000,35332935,5,157926,1,NTRF,12659
NAOV,20250717 13:36:36.919000,35347388,29,157955,0.99,NQNX,12659
NAOV,20250717 13:39:13.555000,35566706,40,157995,0.99,NQNX,12659
NAOV,20250717 13:40:20.064000,35658291,5,158000,1.01,NQNX,12659
NAOV,20250717 13:40:20.191000,35658530,3,158003,1,NQNX,12659
NAOV,20250717 13:41:27.359000,35748865,5,158008,1.01,NQNX,12659
NAOV,20250717 13:42:43.124000,35847902,5,158013,1.01,NQNX,12659
NAOV,20250717 13:47:22.544000,36256609,220,158233,0.99,NQNX,12544
NAOV,20250717 13:47:56.741000,36304366,1,158234,0.99,NQNX,12659
NAOV,20250717 13:48:34.546000,36361555,1,158235,0.99,NQNX,12659
NAOV,20250717 13:48:59.091000,36394217,1,158236,1,NQNX,12659
NAOV,20250717 13:50:01.113000,36480082,127,159329,1.01,PACF,12639
NAOV,20250717 13:50:01.113000,36480081,956,159202,1.01,PACF,12639
NAOV,20250717 13:50:01.113000,36480080,10,158246,1.01,PACF,12659
NAOV,20250717 13:50:01.113000,36480083,917,160246,1.01,PACF,12639
NAOV,20250717 13:51:01.444000,36557648,1,160247,1.01,NQNX,12659
NAOV,20250717 13:51:23.713000,36589185,1,160248,1,NQNX,12659
NAOV,20250717 13:51:46.449000,36624178,100,160348,1,NQNX,12544
NAOV,20250717 13:53:16.179000,36735104,30,160378,0.99,NQNX,12659
NAOV,20250717 13:53:21.023000,36740622,100,160478,1,NQEX,12639
NAOV,20250717 13:53:27.543000,36749500,358,160836,0.99,NQNX,12544
NAOV,20250717 13:53:27.585000,36749526,19,160855,1,NQNX,12659
NAOV,20250717 13:56:17.595000,36994552,723,161578,1,NQEX,12639
NAOV,20250717 13:56:17.595000,36994553,627,162205,1,NQEX,12639
NAOV,20250717 13:56:19.191000,36996303,41,162246,1.01,NQNX,12659
NAOV,20250717 13:56:22.467000,37004962,4,162250,1.01,NQNX,12659
NAOV,20250717 13:56:23.236000,37007872,1,162251,1.01,MIAX,12659
NAOV,20250717 13:56:46.609000,37035740,3800,166051,1.01,NQNX,12544
NAOV,20250717 13:56:46.653000,37035754,127,166178,1.01,NQNX,12544
NAOV,20250717 13:57:08.773000,37061226,374,166552,1.01,BATY,12544
NAOV,20250717 13:57:08.818000,37061258,12,166564,1.01,NQNX,12659
NAOV,20250717 13:57:39.879000,37098223,4,166568,0.99,NQNX,12659
NAOV,20250717 13:57:40.536000,37099303,1,166569,0.99,NQNX,12659
NAOV,20250717 13:59:15.789000,37231857,15,166584,1,NQNX,12659
NAOV,20250717 14:00:14.094000,37327628,1,166585,1,NQNX,12659
NAOV,20250717 14:00:38.189000,37361628,223,166808,1,NQNX,12544
NAOV,20250717 14:00:38.193000,37361631,1,166809,1,NQNX,12659
NAOV,20250717 14:02:41.676000,37561409,1,166810,1,NQNX,12659
NAOV,20250717 14:03:53.328000,37670045,2,166812,1,NQNX,12659
NAOV,20250717 14:04:17.888000,37703168,33,166845,1,NQNX,12659
NAOV,20250717 14:07:53.639000,38029763,8190,184296,1,NQNX,12544
NAOV,20250717 14:07:53.639000,38029764,549,184845,1,NQNX,12544
NAOV,20250717 14:07:53.639000,38029762,9261,176106,1,NQNX,12544
NAOV,20250717 14:08:04.686000,38045654,1,184846,1,NQEX,12659
NAOV,20250717 14:08:49.027000,38112574,1,184847,1.01,PACF,12659
NAOV,20250717 14:09:27.496000,38164436,100,184947,1,NQNX,12544
NAOV,20250717 14:09:27.499000,38164437,100,185047,1.01,NQNX,12544
NAOV,20250717 14:09:30.730000,38167963,60,185107,1,NTRF,12659
NAOV,20250717 14:09:32.681000,38170972,200,185307,1.01,NQEX,12639
NAOV,20250717 14:10:54.236000,38276129,4200,189507,1,NQNX,12544
NAOV,20250717 14:10:54.237000,38276130,600,190107,1,NQNX,12544
NAOV,20250717 14:10:54.278000,38276194,188,190295,1.01,NQNX,12544
NAOV,20250717 14:12:05.242000,38390971,4800,195095,1,NQNX,12544
NAOV,20250717 14:12:05.244000,38390977,200,195295,1.01,NQNX,12544
NAOV,20250717 14:12:05.246000,38391023,100,195395,1.01,NTRF,12544
NAOV,20250717 14:12:05.273000,38391093,172,195567,1.01,NQNX,12544
NAOV,20250717 14:12:39.419000,38447398,66,197915,1.01,MIAX,12659
NAOV,20250717 14:12:39.419000,38447404,47,200294,1.01,MIAX,12659
NAOV,20250717 14:12:39.419000,38447391,2000,197567,1.01,EDGE,12544
NAOV,20250717 14:12:39.419000,38447403,30,200247,1.01,BATS,12659
NAOV,20250717 14:12:39.419000,38447394,47,197649,1.01,EDGX,12659
NAOV,20250717 14:12:39.419000,38447395,50,197699,1.01,EDGX,12659
NAOV,20250717 14:12:39.419000,38447396,50,197749,1.01,EDGX,12659
NAOV,20250717 14:12:39.419000,38447400,70,200067,1.01,PACF,12659
NAOV,20250717 14:12:39.419000,38447399,2082,199997,1.01,PACF,12544
NAOV,20250717 14:12:39.419000,38447393,20,197602,1.01,EDGX,12659
NAOV,20250717 14:12:39.419000,38447392,15,197582,1.01,EDGX,12659
NAOV,20250717 14:12:39.419000,38447401,42,200109,1.01,BATS,12659
NAOV,20250717 14:12:39.419000,38447397,100,197849,1.01,EDGX,12544
NAOV,20250717 14:12:39.419000,38447402,108,200217,1.01,BATS,12639
NAOV,20250717 14:12:39.463000,38447438,179,200473,1.02,NQNX,12544
NAOV,20250717 14:12:39.886000,38447850,24,200498,1.01,PACF,12659
NAOV,20250717 14:12:39.886000,38447849,1,200474,1.01,PACF,12659
NAOV,20250717 14:13:04.073000,38482085,1,200499,1.02,MIAX,12659
NAOV,20250717 14:13:30.423000,38521636,21,200520,1.01,NQNX,12659
NAOV,20250717 14:13:37.881000,38531966,1,200521,1.01,NQNX,12659
NAOV,20250717 14:13:55.450000,38562221,150,200671,1.01,NQNX,12544
NAOV,20250717 14:14:09.587000,38585445,1,200672,1.01,NQNX,12659
NAOV,20250717 14:14:39.045000,38623896,6200,206872,1.02,NQNX,12544
NAOV,20250717 14:14:39.046000,38623897,1300,208172,1.02,NQNX,12544
NAOV,20250717 14:14:39.171000,38624001,275,208447,1.02,NQNX,12544
NAOV,20250717 14:14:54.146000,38645813,5,208452,1.02,NQNX,12659
NAOV,20250717 14:15:02.628000,38656268,5,208457,1.02,NQNX,12659
NAOV,20250717 14:15:06.865000,38662993,4,208461,1.01,NQNX,12659
NAOV,20250717 14:15:07.521000,38663935,33,208494,1.02,NQNX,12659
NAOV,20250717 14:15:10.634000,38667640,5,208499,1.02,NQNX,12659
NAOV,20250717 14:16:03.423000,38741515,9,208508,1.02,NQNX,12659
NAOV,20250717 14:16:08.916000,38748190,1,208509,1.01,NQNX,12659
NAOV,20250717 14:16:32.474000,38779949,30,208539,1.01,NQNX,12659
NAOV,20250717 14:19:35.561000,39046207,14,208553,1.01,NQNX,12659
NAOV,20250717 14:20:36.775000,39137887,5,208558,1.01,PACF,12659
NAOV,20250717 14:20:50.436000,39155515,250,208808,1.01,NQNX,12544
NAOV,20250717 14:20:50.466000,39155540,172,208980,1.01,BATS,12544
NAOV,20250717 14:22:28.174000,39297880,78,209058,1.01,NQNX,12659
NAOV,20250717 14:23:26.653000,39369725,1000,210058,1.02,NQNX,12544
NAOV,20250717 14:23:26.743000,39369791,43,210101,1.01,NQNX,12659
NAOV,20250717 14:23:59.597000,39413276,1000,211101,1.01,NTRF,12544
NAOV,20250717 14:23:59.600000,39413277,100,211201,1.02,NTRF,12544
NAOV,20250717 14:23:59.601000,39413281,1,211202,1.02,NTRF,12659
NAOV,20250717 14:23:59.656000,39413343,39,211241,1.02,NQNX,12659
NAOV,20250717 14:26:49.008000,39661473,200,211441,1.01,NQNX,12544
NAOV,20250717 14:26:49.138000,39661560,8,211449,1.01,NQNX,12659
NAOV,20250717 14:27:05.808000,39684172,5,211454,1.02,NYSE,12659
NAOV,20250717 14:27:57.195000,39757097,50,211504,1.01,NQNX,12659
NAOV,20250717 14:28:05.365000,39768772,1600,213104,1.01,NQNX,12544
NAOV,20250717 14:28:05.403000,39768834,59,213163,1.02,NQNX,12659
NAOV,20250717 14:28:57.093000,39839156,2,213166,1.01,NQEX,12659
NAOV,20250717 14:28:57.093000,39839155,1,213164,1.01,EDGX,12659
NAOV,20250717 14:28:57.094000,39839158,1,213168,1.01,BOST,12659
NAOV,20250717 14:28:57.094000,39839159,1,213169,1.01,PHIL,12659
NAOV,20250717 14:28:57.094000,39839157,1,213167,1.01,PACF,12659
NAOV,20250717 14:28:57.096000,39839162,1,213170,1.01,NQNX,12659
NAOV,20250717 14:28:57.096000,39839163,100,213270,1.01,NQNX,12544
NAOV,20250717 14:28:57.103000,39839176,1,213271,1.01,NQNX,12659
NAOV,20250717 14:28:57.104000,39839178,100,213371,1.01,PACF,12544
NAOV,20250717 14:28:57.104000,39839180,17,213398,1.01,PACF,12659
NAOV,20250717 14:28:57.104000,39839181,1,213399,1.01,PACF,12659
NAOV,20250717 14:28:57.104000,39839179,10,213381,1.01,PACF,12659
NAOV,20250717 14:28:57.113000,39839190,9900,223299,1,NQNX,12544
NAOV,20250717 14:28:57.115000,39839195,6758,230057,1,NTRF,12544
NAOV,20250717 14:28:57.115000,39839196,3105,233162,1,NTRF,12544
NAOV,20250717 14:30:13.490000,39951218,2,233164,1.01,NQEX,12659
NAOV,20250717 14:35:29.022000,40443834,14,233178,1,NQNX,12659
NAOV,20250717 14:36:32.331000,40548434,5,233183,1,NQNX,12659
NAOV,20250717 14:37:09.193000,40598119,15,233198,1,NQNX,12659
NAOV,20250717 14:37:51.485000,40657248,1,233199,1.01,NQEX,12659
NAOV,20250717 14:38:44.860000,40730607,300,233499,1,NTRF,12544
NAOV,20250717 14:40:42.509000,40891616,69,233568,1,NQNX,12659
NAOV,20250717 14:41:29.984000,40963061,700,234268,1,NQNX,12544
NAOV,20250717 14:41:58.714000,41010316,1,234269,1,NQNX,12659
NAOV,20250717 14:43:29.914000,41141951,175,234444,1.01,NQNX,12544
NAOV,20250717 14:43:29.967000,41141987,6,234450,1.01,NQNX,12659
NAOV,20250717 14:44:27.047000,41219586,429,234879,1.01,NQNX,12544
NAOV,20250717 14:44:27.174000,41219716,16,234895,1.01,NQNX,12659
NAOV,20250717 14:50:12.013000,41739705,263,235158,1,NQNX,12544
NAOV,20250717 14:50:15.018000,41743477,200,235358,1.01,NQEX,12639
NAOV,20250717 14:52:33.703000,41964798,571,235929,1,NQNX,12544
NAOV,20250717 14:52:33.703000,41964799,829,236758,1,NQNX,12544
NAOV,20250717 14:52:33.703000,41964800,800,237558,1,NQNX,12544
NAOV,20250717 14:52:33.703000,41964801,800,238358,1,NQNX,12544
NAOV,20250717 14:52:33.749000,41964877,114,238472,1.01,NQNX,12544
NAOV,20250717 14:52:51.897000,41998124,1,238473,1.01,NQEX,12659
NAOV,20250717 14:58:19.729000,42495814,55,238528,1.01,NTRF,12659
NAOV,20250717 14:58:19.730000,42495815,19,238547,1.01,NTRF,12659
NAOV,20250717 15:02:55.181000,42957367,15,238562,1,NQNX,12659
NAOV,20250717 15:04:27.105000,43122187,1,238563,1.01,EDGX,12659
NAOV,20250717 15:06:31.720000,43329502,800,239363,1,NQNX,12544
NAOV,20250717 15:06:36.543000,43337871,1,239364,1,NQNX,12659
NAOV,20250717 15:08:57.972000,43570275,374,239738,1.01,NQNX,12544
NAOV,20250717 15:09:34.543000,43632652,1,239739,1,NQNX,12659
NAOV,20250717 15:09:56.604000,43677536,3300,243039,1,NQNX,12544
NAOV,20250717 15:09:56.605000,43677539,3300,246339,1,NQNX,12544
NAOV,20250717 15:09:56.655000,43677580,252,246591,1.01,NQNX,12544
NAOV,20250717 15:10:42.842000,43755746,10,246601,1,PACF,12659
NAOV,20250717 15:10:47.097000,43763351,100,246701,1,NQNX,12544
NAOV,20250717 15:10:47.098000,43763352,100,246801,1,NQNX,12544
NAOV,20250717 15:10:47.197000,43763514,8,246809,1.01,NQNX,12659
NAOV,20250717 15:10:47.287000,43763577,100,246909,1,BATY,12544
NAOV,20250717 15:11:29.872000,43835361,100,247009,1.01,NQNX,12544
NAOV,20250717 15:11:29.919000,43835492,8,247017,1,NQNX,12659
NAOV,20250717 15:13:17.714000,44018223,1,247018,1,NQNX,12659
NAOV,20250717 15:13:39.653000,44054712,108,247126,1,NQNX,12544
NAOV,20250717 15:13:58.068000,44086231,1,247127,1,IEX,12659
NAOV,20250717 15:13:58.076000,44086244,3,247130,1,NQNX,12659
NAOV,20250717 15:14:29.641000,44160838,2,247132,1,NQNX,12659
NAOV,20250717 15:16:38.032000,44396252,2,247134,1,NQNX,12659
NAOV,20250717 15:17:51.045000,44521227,450,247584,1,NQNX,12544
NAOV,20250717 15:20:23.320000,44808381,20,247604,1,NQNX,12659
NAOV,20250717 15:21:17.267000,44905643,2100,249704,1,NQNX,12544
NAOV,20250717 15:21:56.336000,44967471,100,249804,1,NQNX,12544
NAOV,20250717 15:23:27.433000,45145285,11,249815,1,NQNX,12659
NAOV,20250717 15:23:27.749000,45145733,1,249816,1,NQNX,12659
NAOV,20250717 15:24:53.824000,45293325,600,250416,1,NQNX,12544
NAOV,20250717 15:24:53.881000,45293415,27,250443,1.01,NQNX,12659
NAOV,20250717 15:25:26.620000,45355847,100,250543,1,NQNX,12544
NAOV,20250717 15:25:53.189000,45407559,76,250619,1,NQNX,12659
NAOV,20250717 15:26:17.124000,45453606,100,250719,1,NQNX,12544
NAOV,20250717 15:28:53.825000,45754066,2,250721,1,NQNX,12659
NAOV,20250717 15:29:08.084000,45785410,800,251521,1,NQNX,12544
NAOV,20250717 15:29:08.085000,45785411,800,252321,1,NQNX,12544
NAOV,20250717 15:29:08.085000,45785412,1600,253921,1,NQNX,12544
NAOV,20250717 15:29:08.085000,45785413,480,254401,1,NQNX,12544
NAOV,20250717 15:29:08.085000,45785414,1600,256001,1,NQNX,12544
NAOV,20250717 15:29:08.211000,45785601,214,256215,1.01,NQNX,12544
NAOV,20250717 15:29:09.547000,45788276,200,256415,1,NTRF,12544
NAOV,20250717 15:30:27.051000,45960818,4,256419,1,NQNX,12659
NAOV,20250717 15:31:34.887000,46118597,2,256421,1,NQNX,12659
NAOV,20250717 15:34:42.604000,46550014,40,256461,1,NQNX,12659
NAOV,20250717 15:34:56.345000,46577777,1,256462,1,NQNX,12659
NAOV,20250717 15:35:51.794000,46704454,1002,257464,1,NQNX,12544
NAOV,20250717 15:37:37.966000,46934902,1,257465,1,NQNX,12659
NAOV,20250717 15:39:06.811000,47136824,225,257693,1.01,NQEX,12544
NAOV,20250717 15:39:06.811000,47136822,2,257468,1.01,PACF,12659
NAOV,20250717 15:39:06.811000,47136821,1,257466,1.01,PACF,12659
NAOV,20250717 15:39:06.812000,47136826,98,257791,1.01,PACF,12659
NAOV,20250717 15:39:18.377000,47162517,10,257801,1.01,NQNX,12659
NAOV,20250717 15:39:37.529000,47204837,1,257802,1,NQNX,12659
NAOV,20250717 15:40:20.467000,47313172,100,257902,1,NQNX,12544
NAOV,20250717 15:41:06.806000,47425102,180,258082,1,NQNX,12544
NAOV,20250717 15:41:06.874000,47425206,11,258093,1.01,NQNX,12659
NAOV,20250717 15:41:45.930000,47517471,1,258094,1,NQNX,12659
NAOV,20250717 15:43:25.624000,47772896,50,258144,1,NQNX,12659
NAOV,20250717 15:43:51.987000,47834059,1,258145,1,NQNX,12659
NAOV,20250717 15:44:07.262000,47882281,1,258146,1,NQNX,12659
NAOV,20250717 15:44:25.143000,47929360,1,258147,1,NQNX,12659
NAOV,20250717 15:44:53.352000,48005036,50,258197,1,NQNX,12659
NAOV,20250717 15:45:04.908000,48038472,9,258206,1,NQNX,12659
NAOV,20250717 15:46:23.261000,48262359,60,258266,1,NQNX,12659
NAOV,20250717 15:46:36.623000,48296153,1,258267,1,NQNX,12659
NAOV,20250717 15:47:01.570000,48366898,250,258517,1,NQNX,12544
NAOV,20250717 15:47:01.571000,48366900,100,258617,1,NQNX,12544
NAOV,20250717 15:48:17.119000,48585741,1,258618,1,NQNX,12659
NAOV,20250717 15:48:22.786000,48603219,30,258648,1.01,PACF,12659
NAOV,20250717 15:48:44.164000,48663068,1,258649,1,NQNX,12659
NAOV,20250717 15:49:25.646000,48789683,100,258749,1,NQNX,12544
NAOV,20250717 15:49:25.801000,48790508,5,258754,1.01,NQNX,12659
NAOV,20250717 15:49:36.138000,48825038,1000,259754,1,NQNX,12544
NAOV,20250717 15:49:36.392000,48826046,38,259792,1.01,NQNX,12659
NAOV,20250717 15:50:54.615000,49236577,23,259815,1,NQNX,12659
NAOV,20250717 15:52:15.917000,49583075,14,259829,1,NQNX,12659
NAOV,20250717 15:52:26.119000,49622620,1090,260919,1,NQNX,12544
NAOV,20250717 15:52:26.132000,49622653,200,261119,1,NQNX,12544
NAOV,20250717 15:52:26.139000,49622669,300,261419,1,NQNX,12544
NAOV,20250717 15:52:26.142000,49622678,400,261819,1,NQNX,12544
NAOV,20250717 15:52:26.350000,49623334,76,261895,1.01,NQNX,12659
NAOV,20250717 15:52:28.543000,49630974,3,261898,1.01,NQNX,12659
NAOV,20250717 15:53:09.073000,49806075,507,262405,1.01,NQEX,12544
NAOV,20250717 15:53:09.074000,49806076,68,262473,1.01,PACF,12659
NAOV,20250717 15:53:09.237000,49806627,22,262495,1.01,NQNX,12659
NAOV,20250717 15:53:15.000000,49830600,293,262788,1,NQNX,12544
NAOV,20250717 15:53:15.173000,49831091,11,262799,1.01,NQNX,12659
NAOV,20250717 15:53:24.013000,49877144,100,262899,1,NQNX,12544
NAOV,20250717 15:53:24.016000,49877147,1,262900,1,NQNX,12659
NAOV,20250717 15:53:24.207000,49877989,3,262903,1.01,NQNX,12659
NAOV,20250717 15:53:55.577000,50013865,313,263216,1.01,NQEX,12639
NAOV,20250717 15:53:55.577000,50013866,300,263516,1.01,EDGX,12639
NAOV,20250717 15:53:55.584000,50013892,200,263716,1.01,NQNX,12544
NAOV,20250717 15:53:55.679000,50014224,31,263747,1.01,NQNX,12659
NAOV,20250717 15:54:54.510000,50432877,200,263947,1.01,NQEX,12639
NAOV,20250717 15:54:55.053000,50435777,8,263955,1.01,NQNX,12659
NAOV,20250717 15:55:05.322000,50582366,985,264940,1.01,NQEX,12639
NAOV,20250717 15:55:06.898000,50594534,38,264978,1.01,NQNX,12659
NAOV,20250717 15:55:16.885000,50659070,70,265048,1.01,NQNX,12659
NAOV,20250717 15:55:16.963000,50659508,4,265052,1.01,NQNX,12659
NAOV,20250717 15:55:19.313000,50672858,100,265152,1,NQNX,12544
NAOV,20250717 15:55:19.313000,50672859,100,265252,1,NQNX,12544
NAOV,20250717 15:55:19.313000,50672861,17,265269,1,EDGX,12659
NAOV,20250717 15:55:19.314000,50672864,1,265270,1,NQEX,12659
NAOV,20250717 15:55:19.314000,50672867,14,265284,1,PACF,12659
NAOV,20250717 15:55:19.315000,50672870,100,265384,1,IEX,12544
NAOV,20250717 15:55:19.324000,50672917,9,265393,1,NQNX,12659
NAOV,20250717 15:55:20.918000,50683359,13,265406,1.01,NQNX,12659
NAOV,20250717 15:55:33.800000,50759966,10,265416,1.01,NQEX,12659
NAOV,20250717 15:55:33.800000,50759970,1,265423,1.01,NQEX,12659
NAOV,20250717 15:55:33.800000,50759967,1,265417,1.01,NQEX,12659
NAOV,20250717 15:55:33.800000,50759968,1,265418,1.01,NQEX,12659
NAOV,20250717 15:55:33.800000,50759969,4,265422,1.01,NQEX,12659
NAOV,20250717 15:55:42.593000,50813264,1,265424,1,NQNX,12659
NAOV,20250717 15:57:44.863000,51709957,10,265434,1.01,NQNX,12659
NAOV,20250717 15:58:03.520000,51895745,1070,266504,1,NQNX,12544
NAOV,20250717 15:58:04.494000,51909680,42,266546,1.01,NQNX,12659
NAOV,20250717 15:58:15.460000,52030544,100,266646,1,NQNX,12544
NAOV,20250717 15:58:15.460000,52030548,100,266746,1,NQNX,12544
NAOV,20250717 15:58:15.460000,52030549,100,266846,1,IEX,12544
NAOV,20250717 15:58:15.461000,52030552,100,266946,1,NQNX,12544
NAOV,20250717 15:58:15.461000,52030553,100,267046,1,NQNX,12544
NAOV,20250717 15:58:15.461000,52030554,100,267146,1,NQNX,12544
NAOV,20250717 15:58:15.462000,52030557,100,267246,1,NQEX,12544
NAOV,20250717 15:58:15.462000,52030559,27,267373,1,PACF,12659
NAOV,20250717 15:58:15.462000,52030558,100,267346,1,IEX,12544
NAOV,20250717 15:58:15.464000,52030562,27,267600,1,NQNX,12659
NAOV,20250717 15:58:15.464000,52030561,100,267573,1,NQNX,12544
NAOV,20250717 15:58:15.464000,52030560,100,267473,1,NQNX,12544
NAOV,20250717 15:58:15.466000,52030568,5,267605,1,NQNX,12659
NAOV,20250717 15:58:15.467000,52030572,5,267610,1,NQNX,12659
NAOV,20250717 15:58:15.485000,52030677,27,267637,1,PACF,12659
NAOV,20250717 15:58:15.486000,52030684,27,267664,1,NQNX,12659
NAOV,20250717 15:58:15.509000,52030849,562,268226,1,BATY,12544
NAOV,20250717 15:58:15.510000,52030887,379,268605,1,NQNX,12544
NAOV,20250717 15:58:15.752000,52033126,72,268677,1.01,NQNX,12659
NAOV,20250717 15:58:15.758000,52033146,800,269477,1,NQNX,12544
NAOV,20250717 15:58:17.356000,52051586,4,269481,1.01,NQNX,12659
NAOV,20250717 15:58:20.291000,52082722,33,269514,1.01,NQNX,12659
NAOV,20250717 15:59:14.455000,52716569,127,269641,1.01,NQEX,12639
NAOV,20250717 15:59:14.892000,52724983,5,269646,1.01,NQNX,12659
NAOV,20250717 15:59:38.256000,53130636,15,269661,1,NQNX,12659
NAOV,20250717 16:00:00.050000,53651001,127,269788,1.01,PACF,12595
NAOV,20250717 16:00:00.180000,53659096,687,271162,1.01,NQEX,12595
NAOV,20250717 16:00:00.180000,53659095,687,270475,1.01,NQEX,12642
NAOV,20250717 16:05:40.000000,53789950,1,271163,1,PACF,12545
NAOV,20250717 16:05:40.000000,53789951,1,271164,1,PACF,12545
NAOV,20250717 16:06:06.072000,53796090,98,271262,0.99,NQNX,12545
NAOV,20250717 16:06:57.178000,53807359,269,271531,0.99,PACF,12545
NAOV,20250717 16:10:11.337000,53847159,1,271532,0.99,NQNX,12545
NAOV,20250717 16:20:24.757000,53947497,100,271632,1.01,NQNX,12545
NAOV,20250717 16:24:29.090000,53976455,352,271984,1.01,PACF,12545
NAOV,20250717 16:24:29.090000,53976456,100,272084,1.01,PACF,12545
NAOV,20250717 16:24:29.090000,53976457,48,272132,1.01,PACF,12545
NAOV,20250717 16:26:22.205000,53990522,1470,273602,0.99,NQNX,12545
NAOV,20250717 16:31:47.046000,54024591,1,273603,0.99,NQNX,12545
NAOV,20250717 16:33:50.953000,54036345,29,273632,1.01,NQEX,12545
NAOV,20250717 16:33:50.953000,54036346,2,273634,1.01,PACF,12545
NAOV,20250717 16:38:39.208000,54063597,10,273644,0.99,NQNX,12545
NAOV,20250717 16:50:47.378000,54122668,13,273657,1,NQEX,12545
NAOV,20250717 16:51:14.714000,54124616,970,274627,1.01,NQNX,12545
NAOV,20250717 16:53:32.943000,54133617,9,274636,1,NQEX,12545
NAOV,20250717 16:56:51.291000,54145422,22,274658,0.99,NQNX,12545
NAOV,20250717 16:57:47.911000,54149488,4,274662,0.99,BATS,12545
NAOV,20250717 16:57:47.912000,54149489,1,274663,0.99,PACF,12545
NAOV,20250717 17:02:03.738000,54169755,113,274776,0.99,BATS,12545
NAOV,20250717 17:05:34.920000,54186290,1,274777,0.99,NQNX,12545
NAOV,20250717 17:13:54.061000,54226885,10,274787,0.99,NQNX,12545
NAOV,20250717 17:37:22.284000,54338065,45,274832,0.99,NQNX,12545
NAOV,20250717 17:39:11.392000,54345853,10,274842,0.99,PACF,12545
NAOV,20250717 17:48:52.264000,54389684,10,274852,0.99,PACF,12545
NAOV,20250717 17:48:52.265000,54389688,1,274856,0.99,PACF,12545
NAOV,20250717 17:48:52.265000,54389685,1,274853,0.99,NQEX,12545
NAOV,20250717 17:48:52.265000,54389686,1,274854,0.99,NQEX,12545
NAOV,20250717 17:48:52.265000,54389687,1,274855,0.99,NQEX,12545
NAOV,20250717 17:48:52.265000,54389689,1,274857,0.99,PACF,12545
NAOV,20250717 17:48:52.265000,54389690,4,274861,0.99,PACF,12545
NAOV,20250717 17:48:52.266000,54389691,81,274942,0.99,PACF,12545
NAOV,20250717 17:49:07.545000,54390994,100,275042,0.99,PACF,12545
NAOV,20250717 17:50:07.901000,54396086,90,275132,0.99,NQNX,12545
NAOV,20250717 17:52:36.470000,54407412,1,275133,0.99,NQNX,12545
NAOV,20250717 17:55:37.839000,54420231,79,275212,0.99,PACF,12545
NAOV,20250717 18:09:20.605000,54482607,15,275227,0.99,NQNX,12545
NAOV,20250717 18:15:03.336000,54504357,50,275277,0.99,PACF,12545
NAOV,20250717 18:30:37.423000,54560798,200,275477,0.99,NQNX,12545
NAOV,20250717 18:37:50.514000,54583814,100,275577,0.99,NQNX,12545
NAOV,20250717 18:40:39.564000,54593267,100,275677,0.98,NQNX,12545
NAOV,20250717 19:06:10.310000,54666488,1,275678,0.99,EDGX,12545
NAOV,20250717 19:13:43.270000,54685321,461,276139,0.98,NQNX,12545
NAOV,20250717 19:13:57.260000,54685875,1,276140,0.99,EDGX,12545
NAOV,20250717 19:14:08.421000,54686249,150,276290,0.99,EDGX,12545
NAOV,20250717 19:14:10.268000,54686301,33,276323,0.99,PACF,12545
NAOV,20250717 19:14:10.268000,54686304,5,276497,0.98,PACF,12545
NAOV,20250717 19:14:10.268000,54686303,129,276492,0.98,PACF,12545
NAOV,20250717 19:14:10.268000,54686302,40,276363,0.99,PACF,12545
NAOV,20250717 19:14:10.273000,54686305,134,276631,0.98,NQNX,12545
NAOV,20250717 19:24:49.215000,54713324,1200,277831,0.99,NQNX,12545
NAOV,20250717 19:41:08.993000,54749313,15,277846,0.98,NQNX,12545
NAOV,20250717 19:44:38.738000,54757091,1,277847,0.99,NQEX,14337
