SymbolId,CurrentTime,Index,Bid,BidSize,Ask,AskSize,BidCondition,AskCondition,BidExchange,AskExchange
SUNE,20250717 04:38:24.500000,0,1.6,4,1.71,3,REGULAR,REGULAR,EDGX,10305
SUNE,20250717 04:43:25.500000,0,1.6,4,1.68,4,REGULAR,REGULAR,EDGX,10241
SUNE,20250717 05:21:41.416000,0,1.6,4,1.68,4,REGULAR,REGULAR,EDGX,10241
SUNE,20250717 05:21:45.628000,0,1.6,4,1.68,4,REGULAR,REGULAR,EDGX,10241
SUNE,20250717 05:22:09.341000,0,1.6,4,1.68,4,REGULAR,REGULAR,EDGX,10241
SUNE,20250717 05:22:25.776000,0,1.6,4,1.68,4,REGULAR,REGULAR,EDGX,10241
SUNE,20250717 05:23:41.426000,0,1.6,4,1.68,4,REGULAR,REGULAR,EDGX,10241
SUNE,20250717 05:30:13.876000,0,1.61,1,1.68,4,REGULAR,REGULAR,EDGX,10241
SUNE,20250717 05:46:57.389000,0,1.6,4,1.68,4,REGULAR,REGULAR,EDGX,10241
SUNE,20250717 06:08:00.212000,0,1.62,1,1.68,4,REGULAR,REGULAR,PACF,10241
SUNE,20250717 06:50:32.894000,0,1.66,4,1.68,4,REGULAR,REGULAR,EDGX,10241
SUNE,20250717 07:00:07.885000,0,1.66,2,1.67,3,REGULAR,REGULAR,EDGX,10305
SUNE,20250717 07:00:07.948000,0,1.62,1,1.67,3,REGULAR,REGULAR,PACF,10305
SUNE,20250717 07:00:07.948000,0,1.62,1,1.67,3,REGULAR,REGULAR,PACF,10305
SUNE,20250717 07:20:38.873000,0,1.62,2,1.67,8,REGULAR,REGULAR,PACF,10247
SUNE,20250717 07:23:22.086000,0,1.62,3,1.67,8,REGULAR,REGULAR,PACF,10247
SUNE,20250717 07:24:43.505000,0,1.62,3,1.67,8,REGULAR,REGULAR,PACF,10247
SUNE,20250717 07:24:43.505000,0,1.62,3,1.67,8,REGULAR,REGULAR,PACF,10247
SUNE,20250717 08:00:01.211000,0,1.62,6,1.67,8,REGULAR,REGULAR,PACF,10247
SUNE,20250717 08:00:02.622000,0,1.62,6,1.67,8,REGULAR,REGULAR,PACF,10247
SUNE,20250717 08:00:05.284000,0,1.62,6,1.67,8,REGULAR,REGULAR,PACF,10247
SUNE,20250717 08:00:07.247000,0,1.62,6,1.67,8,REGULAR,REGULAR,PACF,10247
SUNE,20250717 08:00:07.415000,0,1.62,6,1.67,8,REGULAR,REGULAR,PACF,10247
SUNE,20250717 08:00:07.550000,0,1.62,6,1.67,8,REGULAR,REGULAR,PACF,10247
SUNE,20250717 08:00:07.576000,0,1.62,6,1.67,8,REGULAR,REGULAR,PACF,10247
SUNE,20250717 08:00:07.580000,0,1.62,6,1.67,8,REGULAR,REGULAR,PACF,10247
SUNE,20250717 08:02:22.774000,0,1.62,6,1.67,8,REGULAR,REGULAR,PACF,10247
SUNE,20250717 08:03:09.499000,0,1.62,6,1.67,8,REGULAR,REGULAR,PACF,10247
SUNE,20250717 08:06:09.847000,0,1.62,6,1.67,8,REGULAR,REGULAR,PACF,10247
SUNE,20250717 08:06:51.561000,0,1.62,6,1.67,8,REGULAR,REGULAR,PACF,10247
SUNE,20250717 08:07:39.706000,0,1.63,7,1.67,8,REGULAR,REGULAR,EDGX,10247
SUNE,20250717 08:07:39.706000,0,1.63,7,1.67,8,REGULAR,REGULAR,EDGX,10247
SUNE,20250717 08:07:39.706000,0,1.63,7,1.67,8,REGULAR,REGULAR,EDGX,10247
SUNE,20250717 08:11:38.000000,0,1.62,6,1.67,8,REGULAR,REGULAR,PACF,10247
SUNE,20250717 08:11:38.000000,0,1.62,6,1.67,8,REGULAR,REGULAR,PACF,10247
SUNE,20250717 08:11:51.753000,0,1.62,6,1.67,8,REGULAR,REGULAR,PACF,10247
SUNE,20250717 08:12:32.646000,0,1.62,6,1.67,8,REGULAR,REGULAR,PACF,10247
SUNE,20250717 08:24:22.991000,0,1.63,2,1.67,8,REGULAR,REGULAR,PACF,10247
SUNE,20250717 08:25:06.644000,0,1.62,5,1.65,3,REGULAR,REGULAR,PACF,10241
SUNE,20250717 08:30:36.507000,0,1.62,5,1.63,8,REGULAR,REGULAR,PACF,10241
SUNE,20250717 08:31:59.084000,0,1.62,5,1.63,8,REGULAR,REGULAR,PACF,10241
SUNE,20250717 08:34:50.377000,0,1.62,5,1.63,8,REGULAR,REGULAR,PACF,10241
SUNE,20250717 08:34:50.379000,0,1.62,5,1.63,8,REGULAR,REGULAR,PACF,10241
SUNE,20250717 08:35:35.233000,0,1.62,5,1.63,8,REGULAR,REGULAR,PACF,10241
SUNE,20250717 08:37:37.289000,0,1.62,5,1.63,8,REGULAR,REGULAR,PACF,10241
SUNE,20250717 08:41:14.855000,0,1.62,3,1.63,8,REGULAR,REGULAR,PACF,10241
SUNE,20250717 08:41:14.855000,0,1.62,3,1.63,8,REGULAR,REGULAR,PACF,10241
SUNE,20250717 08:41:55.261000,0,1.62,3,1.63,7,REGULAR,REGULAR,PACF,10241
SUNE,20250717 08:58:09.226000,0,1.62,3,1.63,7,REGULAR,REGULAR,PACF,10241
SUNE,20250717 09:01:24.060000,0,1.62,3,1.65,1,REGULAR,REGULAR,PACF,10247
SUNE,20250717 09:05:11.212000,0,1.62,3,1.65,2,REGULAR,REGULAR,PACF,10247
SUNE,20250717 09:05:15.867000,0,1.62,3,1.65,1,REGULAR,REGULAR,PACF,10247
SUNE,20250717 09:05:33.205000,0,1.62,3,1.65,1,REGULAR,REGULAR,PACF,10247
SUNE,20250717 09:13:49.979000,0,1.62,3,1.65,1,REGULAR,REGULAR,PACF,10247
SUNE,20250717 09:17:27.899000,0,1.62,3,1.65,1,REGULAR,REGULAR,PACF,10247
SUNE,20250717 09:20:16.057000,0,1.62,3,1.65,1,REGULAR,REGULAR,PACF,10247
SUNE,20250717 09:22:15.313000,0,1.64,2,1.65,9,REGULAR,REGULAR,PACF,10241
SUNE,20250717 09:22:15.313000,0,1.64,2,1.65,9,REGULAR,REGULAR,PACF,10241
SUNE,20250717 09:22:15.313000,0,1.64,2,1.65,9,REGULAR,REGULAR,PACF,10241
SUNE,20250717 09:22:57.172000,0,1.62,3,1.65,9,REGULAR,REGULAR,PACF,10241
SUNE,20250717 09:25:17.368000,0,1.62,3,1.65,1,REGULAR,REGULAR,PACF,10305
SUNE,20250717 09:25:29.231000,0,1.62,4,1.65,1,REGULAR,REGULAR,PACF,10305
SUNE,20250717 09:30:00.839000,0,1.64,1,1.65,1,REGULAR,REGULAR,NQEX,10305
SUNE,20250717 09:30:00.839000,0,1.64,1,1.65,1,REGULAR,REGULAR,NQEX,10305
SUNE,20250717 09:30:00.853000,0,1.62,4,1.65,1,REGULAR,REGULAR,PACF,10305
SUNE,20250717 09:30:06.120000,0,1.63,1,1.65,2,REGULAR,REGULAR,NQEX,10308
SUNE,20250717 09:31:37.044000,0,1.63,2,1.65,2,REGULAR,REGULAR,IEX,10308
SUNE,20250717 09:33:27.466000,0,1.63,2,1.65,2,REGULAR,REGULAR,IEX,10308
SUNE,20250717 09:33:46.210000,0,1.63,2,1.65,2,REGULAR,REGULAR,IEX,10308
SUNE,20250717 09:35:58.653000,0,1.63,2,1.65,2,REGULAR,REGULAR,IEX,10308
SUNE,20250717 09:37:29.707000,0,1.63,2,1.65,2,REGULAR,REGULAR,IEX,10308
SUNE,20250717 09:37:37.107000,0,1.63,2,1.64,1,REGULAR,REGULAR,IEX,10241
SUNE,20250717 09:38:21.314000,0,1.63,2,1.64,1,REGULAR,REGULAR,IEX,10241
SUNE,20250717 09:41:12.465000,0,1.63,33,1.64,1,REGULAR,REGULAR,NQEX,10247
SUNE,20250717 09:41:12.465000,0,1.63,33,1.64,1,REGULAR,REGULAR,NQEX,10247
SUNE,20250717 09:41:12.465000,0,1.63,33,1.64,1,REGULAR,REGULAR,NQEX,10247
SUNE,20250717 09:41:12.466000,0,1.64,2,1.65,1,REGULAR,REGULAR,NQEX,10305
SUNE,20250717 09:41:12.466000,0,1.64,2,1.65,1,REGULAR,REGULAR,NQEX,10305
SUNE,20250717 09:41:17.176000,0,1.63,31,1.65,2,REGULAR,REGULAR,NQEX,10308
SUNE,20250717 09:41:17.176000,0,1.63,31,1.65,2,REGULAR,REGULAR,NQEX,10308
SUNE,20250717 09:41:17.176000,0,1.63,31,1.65,2,REGULAR,REGULAR,NQEX,10308
SUNE,20250717 09:41:17.177000,0,1.63,31,1.65,2,REGULAR,REGULAR,NQEX,10308
SUNE,20250717 09:41:18.707000,0,1.63,31,1.64,8,REGULAR,REGULAR,NQEX,10241
SUNE,20250717 09:41:18.707000,0,1.63,31,1.64,8,REGULAR,REGULAR,NQEX,10241
SUNE,20250717 09:42:21.844000,0,1.63,32,1.64,8,REGULAR,REGULAR,NQEX,10241
SUNE,20250717 09:42:57.276000,0,1.64,3,1.65,3,REGULAR,REGULAR,NQEX,10308
SUNE,20250717 09:43:06.881000,0,1.64,1,1.65,2,REGULAR,REGULAR,NQEX,10308
SUNE,20250717 09:44:14.748000,0,1.63,31,1.64,2,REGULAR,REGULAR,NQEX,10241
SUNE,20250717 09:44:14.748000,0,1.63,31,1.64,2,REGULAR,REGULAR,NQEX,10241
SUNE,20250717 09:44:14.748000,0,1.63,31,1.64,2,REGULAR,REGULAR,NQEX,10241
SUNE,20250717 09:44:30.657000,0,1.63,33,1.64,5,REGULAR,REGULAR,NQEX,10241
SUNE,20250717 09:48:00.898000,0,1.63,34,1.64,1,REGULAR,REGULAR,NQEX,10241
SUNE,20250717 09:48:00.898000,0,1.63,34,1.64,1,REGULAR,REGULAR,NQEX,10241
SUNE,20250717 09:48:00.898000,0,1.63,34,1.64,1,REGULAR,REGULAR,NQEX,10241
SUNE,20250717 09:48:00.898000,0,1.63,34,1.64,1,REGULAR,REGULAR,NQEX,10241
SUNE,20250717 09:48:00.898000,0,1.63,34,1.64,1,REGULAR,REGULAR,NQEX,10241
SUNE,20250717 09:48:07.043000,0,1.63,34,1.64,1,REGULAR,REGULAR,NQEX,10241
SUNE,20250717 09:48:15.248000,0,1.63,34,1.64,1,REGULAR,REGULAR,NQEX,10241
SUNE,20250717 09:49:18.496000,0,1.63,34,1.64,1,REGULAR,REGULAR,NQEX,10241
SUNE,20250717 09:49:25.728000,0,1.63,34,1.64,1,REGULAR,REGULAR,NQEX,10241
SUNE,20250717 09:49:48.945000,0,1.63,34,1.64,1,REGULAR,REGULAR,NQEX,10241
SUNE,20250717 09:49:53.164000,0,1.63,34,1.64,1,REGULAR,REGULAR,NQEX,10241
SUNE,20250717 09:50:01.119000,0,1.63,34,1.64,1,REGULAR,REGULAR,NQEX,10241
SUNE,20250717 09:51:23.430000,0,1.63,34,1.64,1,REGULAR,REGULAR,NQEX,10241
SUNE,20250717 09:51:53.034000,0,1.63,32,1.64,24,REGULAR,REGULAR,NQEX,10241
SUNE,20250717 09:52:14.116000,0,1.63,32,1.64,1,REGULAR,REGULAR,NQEX,10241
SUNE,20250717 09:52:25.363000,0,1.63,32,1.64,6,REGULAR,REGULAR,NQEX,10241
SUNE,20250717 09:52:25.363000,0,1.63,32,1.64,6,REGULAR,REGULAR,NQEX,10241
SUNE,20250717 09:52:59.384000,0,1.63,32,1.64,6,REGULAR,REGULAR,NQEX,10241
SUNE,20250717 09:53:08.796000,0,1.63,32,1.64,6,REGULAR,REGULAR,NQEX,10241
SUNE,20250717 09:53:08.796000,0,1.63,32,1.64,6,REGULAR,REGULAR,NQEX,10241
SUNE,20250717 09:53:08.796000,0,1.63,32,1.64,6,REGULAR,REGULAR,NQEX,10241
SUNE,20250717 09:53:08.796000,0,1.63,32,1.64,6,REGULAR,REGULAR,NQEX,10241
SUNE,20250717 09:53:08.797000,0,1.63,32,1.64,6,REGULAR,REGULAR,NQEX,10241
SUNE,20250717 09:53:08.797000,0,1.63,32,1.64,6,REGULAR,REGULAR,NQEX,10241
SUNE,20250717 09:53:08.799000,0,1.63,32,1.64,6,REGULAR,REGULAR,NQEX,10241
SUNE,20250717 09:53:08.799000,0,1.63,32,1.64,6,REGULAR,REGULAR,NQEX,10241
SUNE,20250717 09:53:08.799000,0,1.63,32,1.64,6,REGULAR,REGULAR,NQEX,10241
SUNE,20250717 09:53:08.800000,0,1.63,32,1.64,6,REGULAR,REGULAR,NQEX,10241
SUNE,20250717 09:53:08.800000,0,1.63,32,1.64,6,REGULAR,REGULAR,NQEX,10241
SUNE,20250717 09:53:08.800000,0,1.63,32,1.64,6,REGULAR,REGULAR,NQEX,10241
SUNE,20250717 09:53:09.036000,0,1.63,14,1.64,6,REGULAR,REGULAR,NQEX,10241
SUNE,20250717 09:53:19.123000,0,1.63,13,1.64,6,REGULAR,REGULAR,NQEX,10241
SUNE,20250717 09:54:13.712000,0,1.62,4,1.64,8,REGULAR,REGULAR,PACF,10241
SUNE,20250717 09:54:13.712000,0,1.62,4,1.64,8,REGULAR,REGULAR,PACF,10241
SUNE,20250717 09:54:13.712000,0,1.62,4,1.64,8,REGULAR,REGULAR,PACF,10241
SUNE,20250717 09:54:13.713000,0,1.62,4,1.63,4,REGULAR,REGULAR,PACF,10241
SUNE,20250717 09:54:29.280000,0,1.62,4,1.63,3,REGULAR,REGULAR,PACF,10308
SUNE,20250717 09:54:29.287000,0,1.62,4,1.63,3,REGULAR,REGULAR,PACF,10308
SUNE,20250717 09:55:11.331000,0,1.62,4,1.63,2,REGULAR,REGULAR,PACF,10241
SUNE,20250717 09:55:29.664000,0,1.62,4,1.63,3,REGULAR,REGULAR,PACF,10308
SUNE,20250717 09:56:23.879000,0,1.62,4,1.63,11,REGULAR,REGULAR,PACF,10241
SUNE,20250717 09:56:39.410000,0,1.62,4,1.63,11,REGULAR,REGULAR,PACF,10241
SUNE,20250717 09:56:49.843000,0,1.62,4,1.63,11,REGULAR,REGULAR,PACF,10241
SUNE,20250717 09:56:50.135000,0,1.62,4,1.63,11,REGULAR,REGULAR,PACF,10241
SUNE,20250717 09:58:16.445000,0,1.62,4,1.63,11,REGULAR,REGULAR,PACF,10241
SUNE,20250717 10:01:10.363000,0,1.62,4,1.63,10,REGULAR,REGULAR,PACF,10241
SUNE,20250717 10:02:41.271000,0,1.62,4,1.63,10,REGULAR,REGULAR,PACF,10241
SUNE,20250717 10:03:02.424000,0,1.62,4,1.63,10,REGULAR,REGULAR,PACF,10241
SUNE,20250717 10:03:23.745000,0,1.62,4,1.63,10,REGULAR,REGULAR,PACF,10241
SUNE,20250717 10:05:12.407000,0,1.62,4,1.63,10,REGULAR,REGULAR,PACF,10241
SUNE,20250717 10:05:30.367000,0,1.62,4,1.63,10,REGULAR,REGULAR,PACF,10241
SUNE,20250717 10:06:06.270000,0,1.62,4,1.63,10,REGULAR,REGULAR,PACF,10241
SUNE,20250717 10:07:00.251000,0,1.62,4,1.63,8,REGULAR,REGULAR,PACF,10241
SUNE,20250717 10:07:07.571000,0,1.62,4,1.63,8,REGULAR,REGULAR,PACF,10241
SUNE,20250717 10:07:07.592000,0,1.62,4,1.63,8,REGULAR,REGULAR,PACF,10241
SUNE,20250717 10:08:10.676000,0,1.62,4,1.63,8,REGULAR,REGULAR,PACF,10241
SUNE,20250717 10:10:11.602000,0,1.62,4,1.63,40,REGULAR,REGULAR,PACF,10241
SUNE,20250717 10:10:11.602000,0,1.62,4,1.63,40,REGULAR,REGULAR,PACF,10241
SUNE,20250717 10:10:11.602000,0,1.62,4,1.63,40,REGULAR,REGULAR,PACF,10241
SUNE,20250717 10:10:11.602000,0,1.62,4,1.63,40,REGULAR,REGULAR,PACF,10241
SUNE,20250717 10:10:33.512000,0,1.61,10,1.62,4,REGULAR,REGULAR,PACF,10241
SUNE,20250717 10:10:33.512000,0,1.61,10,1.62,4,REGULAR,REGULAR,PACF,10241
SUNE,20250717 10:10:33.512000,0,1.61,10,1.62,4,REGULAR,REGULAR,PACF,10241
SUNE,20250717 10:10:33.512000,0,1.61,10,1.62,4,REGULAR,REGULAR,PACF,10241
SUNE,20250717 10:10:33.512000,0,1.61,10,1.62,4,REGULAR,REGULAR,PACF,10241
SUNE,20250717 10:10:33.512000,0,1.61,10,1.62,4,REGULAR,REGULAR,PACF,10241
SUNE,20250717 10:10:33.512000,0,1.61,10,1.62,4,REGULAR,REGULAR,PACF,10241
SUNE,20250717 10:10:33.512000,0,1.61,10,1.62,4,REGULAR,REGULAR,PACF,10241
SUNE,20250717 10:10:33.512000,0,1.61,10,1.62,4,REGULAR,REGULAR,PACF,10241
SUNE,20250717 10:10:33.513000,0,1.61,9,1.62,4,REGULAR,REGULAR,PACF,10241
SUNE,20250717 10:10:33.513000,0,1.61,9,1.62,4,REGULAR,REGULAR,PACF,10241
SUNE,20250717 10:10:33.513000,0,1.61,9,1.62,4,REGULAR,REGULAR,PACF,10241
SUNE,20250717 10:10:33.513000,0,1.61,9,1.62,4,REGULAR,REGULAR,PACF,10241
SUNE,20250717 10:11:42.141000,0,1.62,4,1.63,8,REGULAR,REGULAR,NQEX,10241
SUNE,20250717 10:11:42.141000,0,1.62,4,1.63,8,REGULAR,REGULAR,NQEX,10241
SUNE,20250717 10:11:42.141000,0,1.62,4,1.63,8,REGULAR,REGULAR,NQEX,10241
SUNE,20250717 10:13:00.477000,0,1.62,3,1.63,8,REGULAR,REGULAR,NQEX,10241
SUNE,20250717 10:13:48.409000,0,1.62,10,1.63,8,REGULAR,REGULAR,EDGX,10241
SUNE,20250717 10:13:50.306000,0,1.61,9,1.62,3,REGULAR,REGULAR,PACF,10241
SUNE,20250717 10:13:50.306000,0,1.61,9,1.62,3,REGULAR,REGULAR,PACF,10241
SUNE,20250717 10:13:54.374000,0,1.61,5,1.62,14,REGULAR,REGULAR,PACF,10241
SUNE,20250717 10:13:54.374000,0,1.61,5,1.62,14,REGULAR,REGULAR,PACF,10241
SUNE,20250717 10:13:54.374000,0,1.61,5,1.62,14,REGULAR,REGULAR,PACF,10241
SUNE,20250717 10:13:54.374000,0,1.61,5,1.62,14,REGULAR,REGULAR,PACF,10241
SUNE,20250717 10:13:54.378000,0,1.61,4,1.62,16,REGULAR,REGULAR,PACF,10241
SUNE,20250717 10:13:54.379000,0,1.6,20,1.62,16,REGULAR,REGULAR,NQEX,10241
SUNE,20250717 10:13:54.379000,0,1.6,20,1.62,16,REGULAR,REGULAR,NQEX,10241
SUNE,20250717 10:13:57.708000,0,1.6,22,1.62,12,REGULAR,REGULAR,NQEX,10241
SUNE,20250717 10:14:09.874000,0,1.6,22,1.62,12,REGULAR,REGULAR,NQEX,10241
SUNE,20250717 10:14:21.812000,0,1.6,21,1.62,12,REGULAR,REGULAR,NQEX,10241
SUNE,20250717 10:14:29.096000,0,1.6,21,1.62,12,REGULAR,REGULAR,NQEX,10241
SUNE,20250717 10:15:56.679000,0,1.6,20,1.61,10,REGULAR,REGULAR,NQEX,10241
SUNE,20250717 10:16:25.865000,0,1.6,20,1.61,10,REGULAR,REGULAR,NQEX,10241
SUNE,20250717 10:17:54.420000,0,1.6,20,1.61,1,REGULAR,REGULAR,NQEX,10305
SUNE,20250717 10:19:39.222000,0,1.6,21,1.61,1,REGULAR,REGULAR,NQEX,10305
SUNE,20250717 10:19:40.584000,0,1.6,11,1.61,2,REGULAR,REGULAR,NQEX,10241
SUNE,20250717 10:19:40.585000,0,1.6,11,1.61,2,REGULAR,REGULAR,NQEX,10308
SUNE,20250717 10:19:40.586000,0,1.6,11,1.61,2,REGULAR,REGULAR,NQEX,10308
SUNE,20250717 10:20:19.152000,0,1.6,11,1.61,2,REGULAR,REGULAR,NQEX,10308
SUNE,20250717 10:20:55.322000,0,1.6,10,1.61,2,REGULAR,REGULAR,NQEX,10308
SUNE,20250717 10:20:59.030000,0,1.6,10,1.61,2,REGULAR,REGULAR,NQEX,10308
SUNE,20250717 10:22:55.131000,0,1.6,10,1.61,3,REGULAR,REGULAR,NQEX,10308
SUNE,20250717 10:23:12.873000,0,1.6,10,1.61,1,REGULAR,REGULAR,NQEX,10241
SUNE,20250717 10:24:49.395000,0,1.6,10,1.61,3,REGULAR,REGULAR,NQEX,10308
SUNE,20250717 10:25:47.479000,0,1.6,12,1.61,1,REGULAR,REGULAR,NQEX,10305
SUNE,20250717 10:25:47.479000,0,1.6,12,1.61,1,REGULAR,REGULAR,NQEX,10305
SUNE,20250717 10:25:56.003000,0,1.6,11,1.61,1,REGULAR,REGULAR,NQEX,10305
SUNE,20250717 10:26:44.081000,0,1.6,11,1.61,1,REGULAR,REGULAR,NQEX,10305
SUNE,20250717 10:27:27.599000,0,1.6,11,1.61,1,REGULAR,REGULAR,NQEX,10305
SUNE,20250717 10:27:59.313000,0,1.6,11,1.61,1,REGULAR,REGULAR,NQEX,10305
SUNE,20250717 10:28:29.346000,0,1.6,11,1.61,1,REGULAR,REGULAR,NQEX,10305
SUNE,20250717 10:29:40.773000,0,1.6,11,1.61,1,REGULAR,REGULAR,NQEX,10305
SUNE,20250717 10:30:45.035000,0,1.6,11,1.61,1,REGULAR,REGULAR,NQEX,10305
SUNE,20250717 10:31:29.654000,0,1.6,11,1.61,1,REGULAR,REGULAR,NQEX,10305
SUNE,20250717 10:31:33.982000,0,1.6,11,1.61,1,REGULAR,REGULAR,NQEX,10305
SUNE,20250717 10:31:38.541000,0,1.6,11,1.61,1,REGULAR,REGULAR,NQEX,10305
SUNE,20250717 10:31:38.544000,0,1.6,11,1.61,1,REGULAR,REGULAR,NQEX,10305
SUNE,20250717 10:31:38.546000,0,1.6,11,1.61,2,REGULAR,REGULAR,NQEX,10308
SUNE,20250717 10:32:30.937000,0,1.6,13,1.61,1,REGULAR,REGULAR,NQEX,10305
SUNE,20250717 10:32:38.241000,0,1.6,13,1.61,1,REGULAR,REGULAR,NQEX,10305
SUNE,20250717 10:34:31.162000,0,1.6,13,1.61,1,REGULAR,REGULAR,NQEX,10305
SUNE,20250717 10:35:36.588000,0,1.6,13,1.61,1,REGULAR,REGULAR,NQEX,10305
SUNE,20250717 10:35:46.733000,0,1.6,13,1.61,1,REGULAR,REGULAR,NQEX,10305
SUNE,20250717 10:35:57.682000,0,1.6,13,1.61,1,REGULAR,REGULAR,NQEX,10305
SUNE,20250717 10:39:54.547000,0,1.6,14,1.61,1,REGULAR,REGULAR,NQEX,10305
SUNE,20250717 10:40:01.439000,0,1.6,14,1.61,1,REGULAR,REGULAR,NQEX,10305
SUNE,20250717 10:40:26.402000,0,1.6,14,1.61,1,REGULAR,REGULAR,NQEX,10305
SUNE,20250717 10:42:00.835000,0,1.6,14,1.61,1,REGULAR,REGULAR,NQEX,10305
SUNE,20250717 10:42:11.383000,0,1.6,14,1.61,1,REGULAR,REGULAR,NQEX,10305
SUNE,20250717 10:42:11.894000,0,1.6,14,1.61,1,REGULAR,REGULAR,NQEX,10305
SUNE,20250717 10:44:09.128000,0,1.6,14,1.61,1,REGULAR,REGULAR,NQEX,10241
SUNE,20250717 10:44:58.777000,0,1.61,3,1.62,5,REGULAR,REGULAR,NQEX,10247
SUNE,20250717 10:44:58.777000,0,1.61,3,1.62,5,REGULAR,REGULAR,NQEX,10247
SUNE,20250717 10:44:58.777000,0,1.61,3,1.62,5,REGULAR,REGULAR,NQEX,10247
SUNE,20250717 10:45:46.935000,0,1.61,2,1.62,5,REGULAR,REGULAR,IEX,10247
SUNE,20250717 10:47:07.144000,0,1.61,2,1.62,5,REGULAR,REGULAR,IEX,10247
SUNE,20250717 10:49:13.068000,0,1.61,2,1.62,1,REGULAR,REGULAR,IEX,10241
SUNE,20250717 10:50:52.619000,0,1.61,2,1.62,1,REGULAR,REGULAR,IEX,10241
SUNE,20250717 10:52:12.512000,0,1.61,2,1.62,1,REGULAR,REGULAR,IEX,10241
SUNE,20250717 10:53:59.673000,0,1.61,2,1.62,1,REGULAR,REGULAR,IEX,10241
SUNE,20250717 10:54:50.047000,0,1.61,2,1.62,1,REGULAR,REGULAR,IEX,10241
SUNE,20250717 10:57:27.334000,0,1.61,2,1.62,1,REGULAR,REGULAR,IEX,10241
SUNE,20250717 11:00:06.618000,0,1.61,5,1.62,1,REGULAR,REGULAR,NQEX,10241
SUNE,20250717 11:01:29.593000,0,1.61,5,1.62,1,REGULAR,REGULAR,NQEX,10241
SUNE,20250717 11:02:02.072000,0,1.61,5,1.62,1,REGULAR,REGULAR,NQEX,10241
SUNE,20250717 11:02:54.409000,0,1.61,5,1.62,1,REGULAR,REGULAR,NQEX,10241
SUNE,20250717 11:03:18.679000,0,1.61,28,1.62,1,REGULAR,REGULAR,NQEX,10241
SUNE,20250717 11:03:18.877000,0,1.61,28,1.63,8,REGULAR,REGULAR,NQEX,10241
SUNE,20250717 11:03:47.509000,0,1.61,28,1.63,8,REGULAR,REGULAR,NQEX,10241
SUNE,20250717 11:04:14.340000,0,1.61,28,1.63,8,REGULAR,REGULAR,NQEX,10241
SUNE,20250717 11:04:28.704000,0,1.61,29,1.63,8,REGULAR,REGULAR,NQEX,10241
SUNE,20250717 11:06:54.853000,0,1.61,5,1.63,8,REGULAR,REGULAR,NQEX,10241
SUNE,20250717 11:07:13.346000,0,1.61,5,1.63,8,REGULAR,REGULAR,NQEX,10241
SUNE,20250717 11:07:37.415000,0,1.61,5,1.63,8,REGULAR,REGULAR,NQEX,10241
SUNE,20250717 11:07:48.628000,0,1.61,5,1.63,8,REGULAR,REGULAR,NQEX,10241
SUNE,20250717 11:10:23.662000,0,1.61,5,1.63,8,REGULAR,REGULAR,NQEX,10241
SUNE,20250717 11:10:41.758000,0,1.61,5,1.63,8,REGULAR,REGULAR,NQEX,10241
SUNE,20250717 11:11:15.103000,0,1.61,5,1.63,8,REGULAR,REGULAR,NQEX,10241
SUNE,20250717 11:11:17.453000,0,1.61,5,1.63,8,REGULAR,REGULAR,NQEX,10241
SUNE,20250717 11:11:39.975000,0,1.61,5,1.63,8,REGULAR,REGULAR,NQEX,10241
SUNE,20250717 11:13:19.217000,0,1.61,5,1.63,8,REGULAR,REGULAR,NQEX,10241
SUNE,20250717 11:13:42.657000,0,1.61,5,1.63,8,REGULAR,REGULAR,NQEX,10241
SUNE,20250717 11:17:50.196000,0,1.62,30,1.63,8,REGULAR,REGULAR,PACF,10241
SUNE,20250717 11:18:38.392000,0,1.62,30,1.63,8,REGULAR,REGULAR,PACF,10241
SUNE,20250717 11:19:35.942000,0,1.62,30,1.63,8,REGULAR,REGULAR,PACF,10241
SUNE,20250717 11:19:36.175000,0,1.62,30,1.63,8,REGULAR,REGULAR,PACF,10241
SUNE,20250717 11:19:36.180000,0,1.62,30,1.63,8,REGULAR,REGULAR,PACF,10241
SUNE,20250717 11:19:36.185000,0,1.62,30,1.63,8,REGULAR,REGULAR,PACF,10241
SUNE,20250717 11:23:18.628000,0,1.62,30,1.63,8,REGULAR,REGULAR,PACF,10241
SUNE,20250717 11:24:41.335000,0,1.62,30,1.63,8,REGULAR,REGULAR,PACF,10241
SUNE,20250717 11:24:54.025000,0,1.62,30,1.63,8,REGULAR,REGULAR,PACF,10241
SUNE,20250717 11:24:57.267000,0,1.62,30,1.63,8,REGULAR,REGULAR,PACF,10241
SUNE,20250717 11:26:18.785000,0,1.62,30,1.63,8,REGULAR,REGULAR,PACF,10241
SUNE,20250717 11:30:15.623000,0,1.62,30,1.63,8,REGULAR,REGULAR,PACF,10241
SUNE,20250717 11:31:51.159000,0,1.62,30,1.63,8,REGULAR,REGULAR,PACF,10241
SUNE,20250717 11:31:57.492000,0,1.62,30,1.63,8,REGULAR,REGULAR,PACF,10241
SUNE,20250717 11:32:20.646000,0,1.62,30,1.63,8,REGULAR,REGULAR,PACF,10241
SUNE,20250717 11:36:02.112000,0,1.62,30,1.63,8,REGULAR,REGULAR,PACF,10241
SUNE,20250717 11:36:22.323000,0,1.62,30,1.63,8,REGULAR,REGULAR,PACF,10241
SUNE,20250717 11:36:22.467000,0,1.62,30,1.63,8,REGULAR,REGULAR,PACF,10241
SUNE,20250717 11:38:22.086000,0,1.62,30,1.63,8,REGULAR,REGULAR,PACF,10241
SUNE,20250717 11:38:31.649000,0,1.62,30,1.63,8,REGULAR,REGULAR,PACF,10241
SUNE,20250717 11:39:47.859000,0,1.62,30,1.63,8,REGULAR,REGULAR,PACF,10241
SUNE,20250717 11:40:34.292000,0,1.62,30,1.63,8,REGULAR,REGULAR,PACF,10241
SUNE,20250717 11:41:05.459000,0,1.62,30,1.63,8,REGULAR,REGULAR,PACF,10241
SUNE,20250717 11:41:11.892000,0,1.62,30,1.63,8,REGULAR,REGULAR,PACF,10241
SUNE,20250717 11:41:18.567000,0,1.62,30,1.63,8,REGULAR,REGULAR,PACF,10241
SUNE,20250717 11:42:34.390000,0,1.62,30,1.63,8,REGULAR,REGULAR,PACF,10241
SUNE,20250717 11:45:24.676000,0,1.62,30,1.63,8,REGULAR,REGULAR,PACF,10241
SUNE,20250717 11:45:40.270000,0,1.62,30,1.63,8,REGULAR,REGULAR,PACF,10241
SUNE,20250717 11:45:40.274000,0,1.62,30,1.63,8,REGULAR,REGULAR,PACF,10241
SUNE,20250717 11:47:21.424000,0,1.62,30,1.63,8,REGULAR,REGULAR,PACF,10241
SUNE,20250717 11:47:45.612000,0,1.62,30,1.63,8,REGULAR,REGULAR,PACF,10241
SUNE,20250717 11:48:22.441000,0,1.62,30,1.63,8,REGULAR,REGULAR,PACF,10241
SUNE,20250717 11:51:05.801000,0,1.62,30,1.63,8,REGULAR,REGULAR,PACF,10241
SUNE,20250717 11:51:06.646000,0,1.62,30,1.63,1,REGULAR,REGULAR,PACF,10305
SUNE,20250717 11:51:06.646000,0,1.62,30,1.63,1,REGULAR,REGULAR,PACF,10305
SUNE,20250717 11:51:06.647000,0,1.63,5,1.64,12,REGULAR,REGULAR,NQEX,10313
SUNE,20250717 11:51:06.647000,0,1.63,5,1.64,12,REGULAR,REGULAR,NQEX,10313
SUNE,20250717 11:51:06.647000,0,1.63,5,1.64,12,REGULAR,REGULAR,NQEX,10313
SUNE,20250717 11:51:06.650000,0,1.63,5,1.64,12,REGULAR,REGULAR,NQEX,10313
SUNE,20250717 11:51:22.436000,0,1.63,3,1.64,12,REGULAR,REGULAR,NQEX,10313
SUNE,20250717 11:52:22.169000,0,1.63,2,1.64,12,REGULAR,REGULAR,IEX,10313
SUNE,20250717 11:52:22.682000,0,1.63,2,1.64,12,REGULAR,REGULAR,IEX,10313
SUNE,20250717 11:56:11.944000,0,1.63,2,1.64,12,REGULAR,REGULAR,IEX,10313
SUNE,20250717 11:57:44.556000,0,1.63,2,1.64,12,REGULAR,REGULAR,IEX,10313
SUNE,20250717 11:57:57.555000,0,1.63,2,1.64,12,REGULAR,REGULAR,IEX,10313
SUNE,20250717 11:58:21.759000,0,1.63,2,1.64,12,REGULAR,REGULAR,IEX,10313
SUNE,20250717 11:59:12.264000,0,1.63,2,1.64,12,REGULAR,REGULAR,IEX,10313
SUNE,20250717 12:06:00.932000,0,1.63,2,1.64,12,REGULAR,REGULAR,IEX,10313
SUNE,20250717 12:06:13.403000,0,1.63,4,1.64,12,REGULAR,REGULAR,NQEX,10313
SUNE,20250717 12:12:36.128000,0,1.63,4,1.64,12,REGULAR,REGULAR,NQEX,10313
SUNE,20250717 12:13:33.839000,0,1.63,4,1.64,12,REGULAR,REGULAR,NQEX,10313
SUNE,20250717 12:15:38.128000,0,1.63,4,1.64,12,REGULAR,REGULAR,NQEX,10313
SUNE,20250717 12:15:58.546000,0,1.63,4,1.64,12,REGULAR,REGULAR,NQEX,10313
SUNE,20250717 12:16:46.010000,0,1.63,4,1.64,12,REGULAR,REGULAR,NQEX,10313
SUNE,20250717 12:20:11.807000,0,1.63,4,1.64,12,REGULAR,REGULAR,NQEX,10313
SUNE,20250717 12:20:12.397000,0,1.63,5,1.64,12,REGULAR,REGULAR,NQEX,10313
SUNE,20250717 12:20:12.531000,0,1.63,4,1.64,12,REGULAR,REGULAR,NQEX,10313
SUNE,20250717 12:20:14.601000,0,1.63,4,1.64,12,REGULAR,REGULAR,NQEX,10313
SUNE,20250717 12:20:15.401000,0,1.63,5,1.64,12,REGULAR,REGULAR,NQEX,10313
SUNE,20250717 12:20:15.402000,0,1.63,5,1.64,12,REGULAR,REGULAR,NQEX,10313
SUNE,20250717 12:20:15.408000,0,1.63,5,1.64,12,REGULAR,REGULAR,NQEX,10313
SUNE,20250717 12:21:45.870000,0,1.63,3,1.64,12,REGULAR,REGULAR,IEX,10313
SUNE,20250717 12:21:47.866000,0,1.63,3,1.64,12,REGULAR,REGULAR,IEX,10313
SUNE,20250717 12:21:49.294000,0,1.63,3,1.64,12,REGULAR,REGULAR,IEX,10313
SUNE,20250717 12:21:49.294000,0,1.63,3,1.64,12,REGULAR,REGULAR,IEX,10313
SUNE,20250717 12:21:50.254000,0,1.63,3,1.64,12,REGULAR,REGULAR,IEX,10313
SUNE,20250717 12:22:03.445000,0,1.63,3,1.64,12,REGULAR,REGULAR,IEX,10313
SUNE,20250717 12:22:03.445000,0,1.63,3,1.64,12,REGULAR,REGULAR,IEX,10313
SUNE,20250717 12:22:03.445000,0,1.63,3,1.64,12,REGULAR,REGULAR,IEX,10313
SUNE,20250717 12:22:03.850000,0,1.63,3,1.64,12,REGULAR,REGULAR,IEX,10313
SUNE,20250717 12:22:04.402000,0,1.63,3,1.64,12,REGULAR,REGULAR,IEX,10313
SUNE,20250717 12:22:26.191000,0,1.63,3,1.64,12,REGULAR,REGULAR,IEX,10313
SUNE,20250717 12:26:31.963000,0,1.63,2,1.64,12,REGULAR,REGULAR,IEX,10313
SUNE,20250717 12:28:11.022000,0,1.63,3,1.64,12,REGULAR,REGULAR,IEX,10313
SUNE,20250717 12:28:42.231000,0,1.63,3,1.64,12,REGULAR,REGULAR,IEX,10313
SUNE,20250717 12:28:42.237000,0,1.63,3,1.64,12,REGULAR,REGULAR,IEX,10313
SUNE,20250717 12:28:42.237000,0,1.63,3,1.64,12,REGULAR,REGULAR,IEX,10313
SUNE,20250717 12:28:43.724000,0,1.63,3,1.64,12,REGULAR,REGULAR,IEX,10313
SUNE,20250717 12:29:50.868000,0,1.63,3,1.64,12,REGULAR,REGULAR,IEX,10313
SUNE,20250717 12:29:50.930000,0,1.63,3,1.64,12,REGULAR,REGULAR,IEX,10313
SUNE,20250717 12:30:13.694000,0,1.63,1,1.64,12,REGULAR,REGULAR,NQEX,10313
SUNE,20250717 12:30:44.208000,0,1.63,3,1.64,12,REGULAR,REGULAR,IEX,10313
SUNE,20250717 12:31:46.960000,0,1.63,3,1.64,12,REGULAR,REGULAR,IEX,10313
SUNE,20250717 12:32:45.895000,0,1.63,3,1.64,12,REGULAR,REGULAR,IEX,10313
SUNE,20250717 12:32:46.611000,0,1.63,3,1.64,12,REGULAR,REGULAR,IEX,10313
SUNE,20250717 12:33:25.720000,0,1.63,3,1.64,12,REGULAR,REGULAR,IEX,10313
SUNE,20250717 12:35:54.283000,0,1.63,1,1.64,12,REGULAR,REGULAR,NQEX,10313
SUNE,20250717 12:35:54.284000,0,1.63,1,1.64,12,REGULAR,REGULAR,NQEX,10313
SUNE,20250717 12:35:54.284000,0,1.63,1,1.64,12,REGULAR,REGULAR,NQEX,10313
SUNE,20250717 12:35:54.284000,0,1.63,1,1.64,12,REGULAR,REGULAR,NQEX,10313
SUNE,20250717 12:36:15.111000,0,1.63,9,1.64,12,REGULAR,REGULAR,NQEX,10313
SUNE,20250717 12:37:19.069000,0,1.63,9,1.64,12,REGULAR,REGULAR,NQEX,10313
SUNE,20250717 12:37:38.716000,0,1.63,9,1.64,12,REGULAR,REGULAR,NQEX,10313
SUNE,20250717 12:37:38.720000,0,1.63,9,1.64,12,REGULAR,REGULAR,NQEX,10313
SUNE,20250717 12:38:20.461000,0,1.63,9,1.64,12,REGULAR,REGULAR,NQEX,10313
SUNE,20250717 12:39:16.334000,0,1.63,9,1.64,12,REGULAR,REGULAR,NQEX,10313
SUNE,20250717 12:39:18.801000,0,1.63,9,1.64,12,REGULAR,REGULAR,NQEX,10313
SUNE,20250717 12:39:34.974000,0,1.63,8,1.64,12,REGULAR,REGULAR,NQEX,10313
SUNE,20250717 12:40:10.980000,0,1.63,8,1.64,12,REGULAR,REGULAR,NQEX,10313
SUNE,20250717 12:40:18.868000,0,1.63,8,1.64,12,REGULAR,REGULAR,NQEX,10313
SUNE,20250717 12:42:54.110000,0,1.63,8,1.64,12,REGULAR,REGULAR,NQEX,10313
SUNE,20250717 12:42:56.112000,0,1.63,8,1.64,12,REGULAR,REGULAR,NQEX,10313
SUNE,20250717 12:43:00.837000,0,1.63,8,1.64,12,REGULAR,REGULAR,NQEX,10313
SUNE,20250717 12:47:37.842000,0,1.63,8,1.64,12,REGULAR,REGULAR,NQEX,10313
SUNE,20250717 12:48:00.835000,0,1.63,8,1.64,12,REGULAR,REGULAR,NQEX,10313
SUNE,20250717 12:52:22.077000,0,1.63,5,1.64,12,REGULAR,REGULAR,NQEX,10313
SUNE,20250717 12:52:41.266000,0,1.63,5,1.64,12,REGULAR,REGULAR,NQEX,10313
SUNE,20250717 12:56:03.526000,0,1.63,1,1.64,12,REGULAR,REGULAR,NQEX,10313
SUNE,20250717 12:56:24.749000,0,1.63,1,1.64,12,REGULAR,REGULAR,NQEX,10313
SUNE,20250717 12:56:58.450000,0,1.63,1,1.64,12,REGULAR,REGULAR,NQEX,10313
SUNE,20250717 13:06:15.674000,0,1.63,2,1.64,12,REGULAR,REGULAR,IEX,10313
SUNE,20250717 13:06:43.447000,0,1.63,1,1.64,12,REGULAR,REGULAR,NQEX,10313
SUNE,20250717 13:06:49.669000,0,1.63,1,1.64,12,REGULAR,REGULAR,NQEX,10313
SUNE,20250717 13:08:02.923000,0,1.63,1,1.64,12,REGULAR,REGULAR,NQEX,10313
SUNE,20250717 13:11:52.943000,0,1.63,1,1.64,12,REGULAR,REGULAR,NQEX,10313
SUNE,20250717 13:15:34.445000,0,1.63,1,1.64,12,REGULAR,REGULAR,NQEX,10313
SUNE,20250717 13:15:34.445000,0,1.63,1,1.64,12,REGULAR,REGULAR,NQEX,10313
SUNE,20250717 13:16:07.425000,0,1.63,1,1.64,12,REGULAR,REGULAR,NQEX,10313
SUNE,20250717 13:17:11.145000,0,1.63,2,1.64,12,REGULAR,REGULAR,IEX,10313
SUNE,20250717 13:19:59.118000,0,1.63,3,1.64,12,REGULAR,REGULAR,IEX,10313
SUNE,20250717 13:20:08.579000,0,1.63,3,1.64,12,REGULAR,REGULAR,IEX,10313
SUNE,20250717 13:20:08.634000,0,1.63,3,1.64,12,REGULAR,REGULAR,IEX,10313
SUNE,20250717 13:20:13.942000,0,1.63,3,1.64,12,REGULAR,REGULAR,IEX,10313
SUNE,20250717 13:21:26.197000,0,1.63,3,1.64,12,REGULAR,REGULAR,IEX,10313
SUNE,20250717 13:27:58.406000,0,1.63,1,1.64,12,REGULAR,REGULAR,NQEX,10313
SUNE,20250717 13:30:26.923000,0,1.63,1,1.64,12,REGULAR,REGULAR,NQEX,10313
SUNE,20250717 13:35:24.492000,0,1.63,1,1.64,12,REGULAR,REGULAR,NQEX,10313
SUNE,20250717 13:36:23.006000,0,1.63,9,1.64,12,REGULAR,REGULAR,NQEX,10313
SUNE,20250717 13:36:23.007000,0,1.63,9,1.64,12,REGULAR,REGULAR,NQEX,10313
SUNE,20250717 13:36:23.008000,0,1.63,9,1.64,12,REGULAR,REGULAR,NQEX,10313
SUNE,20250717 13:36:23.107000,0,1.63,11,1.64,10,REGULAR,REGULAR,NQEX,10313
SUNE,20250717 13:36:23.107000,0,1.63,11,1.64,10,REGULAR,REGULAR,NQEX,10313
SUNE,20250717 13:36:23.107000,0,1.63,11,1.64,10,REGULAR,REGULAR,NQEX,10313
SUNE,20250717 13:36:23.107000,0,1.63,11,1.64,10,REGULAR,REGULAR,NQEX,10313
SUNE,20250717 13:36:25.238000,0,1.63,9,1.64,10,REGULAR,REGULAR,NQEX,10313
SUNE,20250717 13:37:21.864000,0,1.63,9,1.64,10,REGULAR,REGULAR,NQEX,10313
SUNE,20250717 13:37:51.466000,0,1.63,9,1.64,10,REGULAR,REGULAR,NQEX,10313
SUNE,20250717 13:38:55.996000,0,1.63,9,1.64,10,REGULAR,REGULAR,NQEX,10313
SUNE,20250717 13:39:16.238000,0,1.63,9,1.64,10,REGULAR,REGULAR,NQEX,10313
SUNE,20250717 13:40:25.285000,0,1.63,9,1.64,10,REGULAR,REGULAR,NQEX,10313
SUNE,20250717 13:40:45.053000,0,1.63,9,1.64,10,REGULAR,REGULAR,NQEX,10313
SUNE,20250717 13:41:04.143000,0,1.63,9,1.64,10,REGULAR,REGULAR,NQEX,10313
SUNE,20250717 13:42:08.973000,0,1.63,9,1.64,10,REGULAR,REGULAR,NQEX,10313
SUNE,20250717 13:43:30.465000,0,1.63,9,1.64,10,REGULAR,REGULAR,NQEX,10313
SUNE,20250717 13:43:33.337000,0,1.63,9,1.64,10,REGULAR,REGULAR,NQEX,10313
SUNE,20250717 13:43:59.798000,0,1.63,10,1.65,25,REGULAR,REGULAR,NQEX,10305
SUNE,20250717 13:43:59.798000,0,1.63,10,1.65,25,REGULAR,REGULAR,NQEX,10305
SUNE,20250717 13:43:59.798000,0,1.63,10,1.65,25,REGULAR,REGULAR,NQEX,10305
SUNE,20250717 13:43:59.799000,0,1.63,10,1.65,25,REGULAR,REGULAR,NQEX,10305
SUNE,20250717 13:44:52.004000,0,1.63,9,1.65,25,REGULAR,REGULAR,NQEX,10305
SUNE,20250717 13:45:39.784000,0,1.63,9,1.65,25,REGULAR,REGULAR,NQEX,10305
SUNE,20250717 13:47:20.927000,0,1.63,9,1.65,25,REGULAR,REGULAR,NQEX,10305
SUNE,20250717 13:47:45.978000,0,1.63,9,1.65,25,REGULAR,REGULAR,NQEX,10305
SUNE,20250717 13:50:43.469000,0,1.63,9,1.65,25,REGULAR,REGULAR,NQEX,10305
SUNE,20250717 13:51:23.929000,0,1.63,1,1.65,25,REGULAR,REGULAR,AMEX,10305
SUNE,20250717 13:51:25.009000,0,1.64,2,1.65,25,REGULAR,REGULAR,NQEX,10305
SUNE,20250717 13:53:13.712000,0,1.64,2,1.65,25,REGULAR,REGULAR,NQEX,10305
SUNE,20250717 13:55:46.755000,0,1.64,2,1.65,25,REGULAR,REGULAR,NQEX,10305
SUNE,20250717 13:56:23.343000,0,1.64,2,1.65,25,REGULAR,REGULAR,NQEX,10305
SUNE,20250717 13:57:00.814000,0,1.62,30,1.64,2,REGULAR,REGULAR,PACF,10241
SUNE,20250717 13:57:00.815000,0,1.62,30,1.64,2,REGULAR,REGULAR,PACF,10241
SUNE,20250717 13:57:00.821000,0,1.62,30,1.64,3,REGULAR,REGULAR,PACF,10308
SUNE,20250717 13:57:00.823000,0,1.62,30,1.64,3,REGULAR,REGULAR,PACF,10308
SUNE,20250717 13:57:00.825000,0,1.62,30,1.64,3,REGULAR,REGULAR,PACF,10308
SUNE,20250717 13:57:00.826000,0,1.62,30,1.64,3,REGULAR,REGULAR,PACF,10308
SUNE,20250717 13:57:00.826000,0,1.62,30,1.64,3,REGULAR,REGULAR,PACF,10308
SUNE,20250717 13:57:00.827000,0,1.62,30,1.64,3,REGULAR,REGULAR,PACF,10308
SUNE,20250717 13:57:00.828000,0,1.62,30,1.64,3,REGULAR,REGULAR,PACF,10308
SUNE,20250717 14:02:06.051000,0,1.63,2,1.65,25,REGULAR,REGULAR,NQEX,10305
SUNE,20250717 14:06:28.101000,0,1.63,2,1.65,25,REGULAR,REGULAR,NQEX,10305
SUNE,20250717 14:08:53.720000,0,1.63,2,1.65,25,REGULAR,REGULAR,NQEX,10305
SUNE,20250717 14:10:24.591000,0,1.63,2,1.65,25,REGULAR,REGULAR,NQEX,10305
SUNE,20250717 14:12:04.402000,0,1.63,2,1.65,25,REGULAR,REGULAR,NQEX,10305
SUNE,20250717 14:12:04.402000,0,1.63,2,1.65,25,REGULAR,REGULAR,NQEX,10305
SUNE,20250717 14:12:05.630000,0,1.63,3,1.65,25,REGULAR,REGULAR,IEX,10305
SUNE,20250717 14:13:04.244000,0,1.64,4,1.65,25,REGULAR,REGULAR,NQEX,10305
SUNE,20250717 14:13:24.497000,0,1.64,4,1.65,25,REGULAR,REGULAR,NQEX,10305
SUNE,20250717 14:14:32.334000,0,1.64,4,1.65,25,REGULAR,REGULAR,NQEX,10305
SUNE,20250717 14:14:39.445000,0,1.64,4,1.65,25,REGULAR,REGULAR,NQEX,10305
SUNE,20250717 14:16:23.072000,0,1.64,4,1.65,25,REGULAR,REGULAR,NQEX,10305
SUNE,20250717 14:16:43.764000,0,1.64,4,1.65,25,REGULAR,REGULAR,NQEX,10305
SUNE,20250717 14:17:47.396000,0,1.64,4,1.65,25,REGULAR,REGULAR,NQEX,10305
SUNE,20250717 14:20:08.784000,0,1.64,1,1.65,25,REGULAR,REGULAR,NQEX,10305
SUNE,20250717 14:20:08.785000,0,1.62,30,1.64,3,REGULAR,REGULAR,PACF,10241
SUNE,20250717 14:21:49.429000,0,1.63,2,1.65,25,REGULAR,REGULAR,IEX,10305
SUNE,20250717 14:22:25.206000,0,1.63,2,1.65,25,REGULAR,REGULAR,IEX,10305
SUNE,20250717 14:23:15.749000,0,1.63,2,1.65,25,REGULAR,REGULAR,IEX,10305
SUNE,20250717 14:30:43.528000,0,1.63,2,1.65,25,REGULAR,REGULAR,IEX,10305
SUNE,20250717 14:30:43.528000,0,1.63,2,1.65,25,REGULAR,REGULAR,IEX,10305
SUNE,20250717 14:31:21.133000,0,1.63,2,1.65,25,REGULAR,REGULAR,IEX,10305
SUNE,20250717 14:31:56.890000,0,1.63,2,1.65,25,REGULAR,REGULAR,IEX,10305
SUNE,20250717 14:33:41.920000,0,1.63,2,1.65,25,REGULAR,REGULAR,IEX,10305
SUNE,20250717 14:36:07.404000,0,1.64,1,1.65,25,REGULAR,REGULAR,NQEX,10305
SUNE,20250717 14:36:22.633000,0,1.64,2,1.65,25,REGULAR,REGULAR,IEX,10305
SUNE,20250717 14:36:23.965000,0,1.64,3,1.65,25,REGULAR,REGULAR,IEX,10305
SUNE,20250717 14:36:42.445000,0,1.64,3,1.65,25,REGULAR,REGULAR,IEX,10305
SUNE,20250717 14:36:42.445000,0,1.64,3,1.65,25,REGULAR,REGULAR,IEX,10305
SUNE,20250717 14:36:42.445000,0,1.64,3,1.65,25,REGULAR,REGULAR,IEX,10305
SUNE,20250717 14:36:42.445000,0,1.64,3,1.65,25,REGULAR,REGULAR,IEX,10305
SUNE,20250717 14:36:42.446000,0,1.64,2,1.65,10,REGULAR,REGULAR,IEX,10305
SUNE,20250717 14:36:42.446000,0,1.64,2,1.65,10,REGULAR,REGULAR,IEX,10305
SUNE,20250717 14:36:42.446000,0,1.64,2,1.65,10,REGULAR,REGULAR,IEX,10305
SUNE,20250717 14:36:42.446000,0,1.64,2,1.65,10,REGULAR,REGULAR,IEX,10305
SUNE,20250717 14:36:42.447000,0,1.64,2,1.65,8,REGULAR,REGULAR,IEX,10305
SUNE,20250717 14:36:42.470000,0,1.64,2,1.66,2,REGULAR,REGULAR,IEX,10241
SUNE,20250717 14:36:42.470000,0,1.64,2,1.66,2,REGULAR,REGULAR,IEX,10241
SUNE,20250717 14:38:07.730000,0,1.64,2,1.66,2,REGULAR,REGULAR,IEX,10241
SUNE,20250717 14:38:08.362000,0,1.64,2,1.66,2,REGULAR,REGULAR,IEX,10241
SUNE,20250717 14:38:08.363000,0,1.65,3,1.67,7,REGULAR,REGULAR,NQEX,10247
SUNE,20250717 14:38:08.363000,0,1.65,3,1.67,7,REGULAR,REGULAR,NQEX,10247
SUNE,20250717 14:38:08.363000,0,1.65,3,1.67,7,REGULAR,REGULAR,NQEX,10247
SUNE,20250717 14:38:08.363000,0,1.65,3,1.67,7,REGULAR,REGULAR,NQEX,10247
SUNE,20250717 14:38:08.363000,0,1.65,3,1.67,7,REGULAR,REGULAR,NQEX,10247
SUNE,20250717 14:38:08.363000,0,1.65,3,1.67,7,REGULAR,REGULAR,NQEX,10247
SUNE,20250717 14:38:08.364000,0,1.65,3,1.67,7,REGULAR,REGULAR,NQEX,10247
SUNE,20250717 14:38:30.510000,0,1.64,2,1.67,7,REGULAR,REGULAR,IEX,10247
SUNE,20250717 14:38:31.139000,0,1.64,2,1.67,7,REGULAR,REGULAR,IEX,10247
SUNE,20250717 14:39:20.965000,0,1.64,2,1.67,7,REGULAR,REGULAR,IEX,10247
SUNE,20250717 14:39:31.236000,0,1.64,2,1.67,7,REGULAR,REGULAR,IEX,10247
SUNE,20250717 14:39:37.625000,0,1.64,2,1.67,7,REGULAR,REGULAR,IEX,10247
SUNE,20250717 14:40:30.766000,0,1.64,2,1.67,7,REGULAR,REGULAR,IEX,10247
SUNE,20250717 14:40:30.778000,0,1.64,2,1.67,7,REGULAR,REGULAR,IEX,10247
SUNE,20250717 14:41:17.623000,0,1.64,2,1.67,7,REGULAR,REGULAR,IEX,10247
SUNE,20250717 14:41:30.625000,0,1.64,2,1.66,2,REGULAR,REGULAR,IEX,10300
SUNE,20250717 14:41:39.568000,0,1.64,2,1.67,7,REGULAR,REGULAR,IEX,10247
SUNE,20250717 14:43:11.636000,0,1.64,2,1.67,7,REGULAR,REGULAR,IEX,10247
SUNE,20250717 14:43:36.169000,0,1.64,2,1.67,7,REGULAR,REGULAR,IEX,10247
SUNE,20250717 14:43:36.270000,0,1.64,2,1.67,7,REGULAR,REGULAR,IEX,10247
SUNE,20250717 14:43:46.534000,0,1.65,5,1.67,7,REGULAR,REGULAR,PACF,10247
SUNE,20250717 14:43:46.543000,0,1.65,5,1.67,7,REGULAR,REGULAR,PACF,10247
SUNE,20250717 14:43:56.550000,0,1.66,1,1.67,7,REGULAR,REGULAR,NQEX,10247
SUNE,20250717 14:43:57.145000,0,1.66,1,1.67,7,REGULAR,REGULAR,NQEX,10247
SUNE,20250717 14:45:07.372000,0,1.66,1,1.67,7,REGULAR,REGULAR,NQEX,10247
SUNE,20250717 14:46:02.550000,0,1.66,2,1.67,7,REGULAR,REGULAR,NQEX,10247
SUNE,20250717 14:46:03.550000,0,1.66,2,1.67,7,REGULAR,REGULAR,NQEX,10247
SUNE,20250717 14:46:15.546000,0,1.66,2,1.67,7,REGULAR,REGULAR,NQEX,10247
SUNE,20250717 14:46:16.549000,0,1.66,1,1.67,7,REGULAR,REGULAR,NQEX,10247
SUNE,20250717 14:46:34.777000,0,1.66,2,1.67,7,REGULAR,REGULAR,IEX,10247
SUNE,20250717 14:46:46.754000,0,1.66,1,1.67,7,REGULAR,REGULAR,NQEX,10247
SUNE,20250717 14:46:47.488000,0,1.66,1,1.67,7,REGULAR,REGULAR,NQEX,10247
SUNE,20250717 14:46:47.546000,0,1.66,1,1.67,7,REGULAR,REGULAR,NQEX,10247
SUNE,20250717 14:46:49.101000,0,1.66,2,1.68,4,REGULAR,REGULAR,IEX,10241
SUNE,20250717 14:46:49.101000,0,1.66,2,1.68,4,REGULAR,REGULAR,IEX,10241
SUNE,20250717 14:46:49.102000,0,1.66,5,1.68,4,REGULAR,REGULAR,PACF,10241
SUNE,20250717 14:47:18.548000,0,1.66,2,1.68,4,REGULAR,REGULAR,IEX,10241
SUNE,20250717 14:47:40.562000,0,1.66,2,1.68,4,REGULAR,REGULAR,IEX,10241
SUNE,20250717 14:48:31.568000,0,1.66,2,1.68,4,REGULAR,REGULAR,IEX,10241
SUNE,20250717 14:49:27.106000,0,1.67,5,1.7,115,REGULAR,REGULAR,NQEX,10305
SUNE,20250717 14:49:27.106000,0,1.67,5,1.7,115,REGULAR,REGULAR,NQEX,10305
SUNE,20250717 14:49:27.106000,0,1.67,5,1.7,115,REGULAR,REGULAR,NQEX,10305
SUNE,20250717 14:49:27.106000,0,1.67,5,1.7,115,REGULAR,REGULAR,NQEX,10305
SUNE,20250717 14:49:27.106000,0,1.67,5,1.7,115,REGULAR,REGULAR,NQEX,10305
SUNE,20250717 14:49:27.106000,0,1.67,5,1.7,115,REGULAR,REGULAR,NQEX,10305
SUNE,20250717 14:49:27.106000,0,1.67,5,1.7,115,REGULAR,REGULAR,NQEX,10305
SUNE,20250717 14:49:27.205000,0,1.68,20,1.7,118,REGULAR,REGULAR,NQEX,10305
SUNE,20250717 14:49:27.207000,0,1.68,19,1.7,119,REGULAR,REGULAR,NQEX,10305
SUNE,20250717 14:49:27.207000,0,1.68,19,1.7,119,REGULAR,REGULAR,NQEX,10305
SUNE,20250717 14:49:27.258000,0,1.68,19,1.7,119,REGULAR,REGULAR,NQEX,10305
SUNE,20250717 14:49:27.344000,0,1.68,19,1.7,119,REGULAR,REGULAR,NQEX,10305
SUNE,20250717 14:49:27.364000,0,1.68,19,1.7,119,REGULAR,REGULAR,NQEX,10305
SUNE,20250717 14:49:27.365000,0,1.68,19,1.7,119,REGULAR,REGULAR,NQEX,10305
SUNE,20250717 14:49:27.404000,0,1.68,19,1.7,119,REGULAR,REGULAR,NQEX,10305
SUNE,20250717 14:49:27.422000,0,1.68,18,1.7,119,REGULAR,REGULAR,NQEX,10305
SUNE,20250717 14:50:34.914000,0,1.68,18,1.7,119,REGULAR,REGULAR,NQEX,10305
SUNE,20250717 14:50:34.933000,0,1.68,17,1.7,119,REGULAR,REGULAR,NQEX,10305
SUNE,20250717 14:50:35.541000,0,1.68,17,1.7,119,REGULAR,REGULAR,NQEX,10305
SUNE,20250717 14:50:39.108000,0,1.68,17,1.7,119,REGULAR,REGULAR,NQEX,10305
SUNE,20250717 14:50:39.108000,0,1.68,17,1.7,119,REGULAR,REGULAR,NQEX,10305
SUNE,20250717 14:50:39.108000,0,1.68,17,1.7,119,REGULAR,REGULAR,NQEX,10305
SUNE,20250717 14:50:39.108000,0,1.68,17,1.7,119,REGULAR,REGULAR,NQEX,10305
SUNE,20250717 14:50:39.108000,0,1.68,17,1.7,119,REGULAR,REGULAR,NQEX,10305
SUNE,20250717 14:50:39.108000,0,1.68,17,1.7,119,REGULAR,REGULAR,NQEX,10305
SUNE,20250717 14:50:39.108000,0,1.68,17,1.7,119,REGULAR,REGULAR,NQEX,10305
SUNE,20250717 14:50:39.108000,0,1.68,17,1.7,119,REGULAR,REGULAR,NQEX,10305
SUNE,20250717 14:50:39.108000,0,1.68,17,1.7,119,REGULAR,REGULAR,NQEX,10305
SUNE,20250717 14:50:39.108000,0,1.68,17,1.7,119,REGULAR,REGULAR,NQEX,10305
SUNE,20250717 14:50:39.108000,0,1.68,17,1.7,119,REGULAR,REGULAR,NQEX,10305
SUNE,20250717 14:50:39.109000,0,1.68,17,1.7,119,REGULAR,REGULAR,NQEX,10305
SUNE,20250717 14:50:39.109000,0,1.68,17,1.7,119,REGULAR,REGULAR,NQEX,10305
SUNE,20250717 14:50:39.110000,0,1.68,17,1.7,119,REGULAR,REGULAR,NQEX,10305
SUNE,20250717 14:50:39.221000,0,1.68,17,1.7,120,REGULAR,REGULAR,NQEX,10305
SUNE,20250717 14:50:40.445000,0,1.68,17,1.7,120,REGULAR,REGULAR,NQEX,10305
SUNE,20250717 14:50:40.446000,0,1.68,17,1.7,121,REGULAR,REGULAR,NQEX,10305
SUNE,20250717 14:50:40.447000,0,1.68,17,1.7,121,REGULAR,REGULAR,NQEX,10305
SUNE,20250717 14:50:40.455000,0,1.68,17,1.7,121,REGULAR,REGULAR,NQEX,10305
SUNE,20250717 14:50:40.457000,0,1.68,17,1.7,121,REGULAR,REGULAR,NQEX,10305
SUNE,20250717 14:50:40.459000,0,1.68,17,1.7,121,REGULAR,REGULAR,NQEX,10305
SUNE,20250717 14:50:40.547000,0,1.68,17,1.7,121,REGULAR,REGULAR,NQEX,10305
SUNE,20250717 14:50:40.549000,0,1.68,17,1.7,121,REGULAR,REGULAR,NQEX,10305
SUNE,20250717 14:50:51.691000,0,1.68,17,1.7,121,REGULAR,REGULAR,NQEX,10305
SUNE,20250717 14:50:51.693000,0,1.68,17,1.7,123,REGULAR,REGULAR,NQEX,10305
SUNE,20250717 14:50:51.728000,0,1.68,17,1.7,123,REGULAR,REGULAR,NQEX,10305
SUNE,20250717 14:51:19.239000,0,1.68,20,1.7,123,REGULAR,REGULAR,NQEX,10305
SUNE,20250717 14:51:26.037000,0,1.68,20,1.7,123,REGULAR,REGULAR,NQEX,10305
SUNE,20250717 14:51:33.542000,0,1.68,20,1.7,124,REGULAR,REGULAR,NQEX,10305
SUNE,20250717 14:52:09.223000,0,1.68,20,1.7,124,REGULAR,REGULAR,NQEX,10305
SUNE,20250717 14:52:20.339000,0,1.68,20,1.7,124,REGULAR,REGULAR,NQEX,10305
SUNE,20250717 14:52:26.308000,0,1.68,20,1.7,124,REGULAR,REGULAR,NQEX,10305
SUNE,20250717 14:52:47.439000,0,1.68,20,1.7,124,REGULAR,REGULAR,NQEX,10305
SUNE,20250717 14:52:47.441000,0,1.68,20,1.7,124,REGULAR,REGULAR,NQEX,10305
SUNE,20250717 14:52:47.441000,0,1.68,20,1.7,124,REGULAR,REGULAR,NQEX,10305
SUNE,20250717 14:52:47.755000,0,1.68,20,1.7,124,REGULAR,REGULAR,NQEX,10305
SUNE,20250717 14:52:49.761000,0,1.68,20,1.7,124,REGULAR,REGULAR,NQEX,10305
SUNE,20250717 14:52:49.762000,0,1.68,20,1.7,124,REGULAR,REGULAR,NQEX,10305
SUNE,20250717 14:52:49.763000,0,1.68,20,1.7,124,REGULAR,REGULAR,NQEX,10305
SUNE,20250717 14:52:51.662000,0,1.68,20,1.7,124,REGULAR,REGULAR,NQEX,10305
SUNE,20250717 14:52:51.664000,0,1.68,20,1.7,124,REGULAR,REGULAR,NQEX,10305
SUNE,20250717 14:52:51.682000,0,1.68,19,1.7,124,REGULAR,REGULAR,NQEX,10305
SUNE,20250717 14:52:52.156000,0,1.68,19,1.7,124,REGULAR,REGULAR,NQEX,10305
SUNE,20250717 14:52:53.153000,0,1.68,19,1.7,125,REGULAR,REGULAR,NQEX,10305
SUNE,20250717 14:52:53.173000,0,1.68,17,1.7,125,REGULAR,REGULAR,NQEX,10305
SUNE,20250717 14:52:59.005000,0,1.66,2,1.69,5,REGULAR,REGULAR,PACF,10305
SUNE,20250717 14:52:59.005000,0,1.66,2,1.69,5,REGULAR,REGULAR,PACF,10305
SUNE,20250717 14:52:59.006000,0,1.66,1,1.69,11,REGULAR,REGULAR,PACF,10305
SUNE,20250717 14:52:59.153000,0,1.66,2,1.69,11,REGULAR,REGULAR,IEX,10305
SUNE,20250717 14:52:59.190000,0,1.66,2,1.69,11,REGULAR,REGULAR,IEX,10305
SUNE,20250717 14:53:16.373000,0,1.67,3,1.68,22,REGULAR,REGULAR,NQEX,10305
SUNE,20250717 14:53:48.670000,0,1.67,3,1.68,22,REGULAR,REGULAR,NQEX,10305
SUNE,20250717 14:54:47.607000,0,1.67,2,1.68,22,REGULAR,REGULAR,IEX,10305
SUNE,20250717 14:54:47.608000,0,1.66,1,1.68,22,REGULAR,REGULAR,PACF,10305
SUNE,20250717 14:54:52.020000,0,1.66,2,1.68,22,REGULAR,REGULAR,IEX,10305
SUNE,20250717 14:55:08.971000,0,1.66,2,1.68,22,REGULAR,REGULAR,IEX,10305
SUNE,20250717 14:55:54.570000,0,1.66,2,1.68,22,REGULAR,REGULAR,NQEX,10305
SUNE,20250717 14:57:12.138000,0,1.66,2,1.68,22,REGULAR,REGULAR,NQEX,10305
SUNE,20250717 14:57:12.138000,0,1.66,2,1.68,22,REGULAR,REGULAR,NQEX,10305
SUNE,20250717 14:57:27.564000,0,1.66,2,1.68,25,REGULAR,REGULAR,NQEX,10305
SUNE,20250717 14:57:33.044000,0,1.66,2,1.68,25,REGULAR,REGULAR,NQEX,10305
SUNE,20250717 14:57:33.044000,0,1.66,2,1.68,25,REGULAR,REGULAR,NQEX,10305
SUNE,20250717 14:58:35.408000,0,1.66,2,1.68,25,REGULAR,REGULAR,NQEX,10305
SUNE,20250717 14:58:35.409000,0,1.66,2,1.68,25,REGULAR,REGULAR,NQEX,10305
SUNE,20250717 14:58:35.411000,0,1.66,2,1.68,25,REGULAR,REGULAR,NQEX,10305
SUNE,20250717 14:59:21.867000,0,1.66,2,1.68,25,REGULAR,REGULAR,NQEX,10305
SUNE,20250717 14:59:21.868000,0,1.66,2,1.68,25,REGULAR,REGULAR,NQEX,10305
SUNE,20250717 14:59:21.869000,0,1.66,2,1.68,25,REGULAR,REGULAR,NQEX,10305
SUNE,20250717 14:59:44.723000,0,1.66,2,1.68,25,REGULAR,REGULAR,NQEX,10305
SUNE,20250717 15:00:52.795000,0,1.66,2,1.68,24,REGULAR,REGULAR,NQEX,10305
SUNE,20250717 15:01:17.412000,0,1.66,2,1.68,24,REGULAR,REGULAR,NQEX,10305
SUNE,20250717 15:02:46.703000,0,1.66,2,1.68,24,REGULAR,REGULAR,NQEX,10305
SUNE,20250717 15:03:27.588000,0,1.66,2,1.68,24,REGULAR,REGULAR,NQEX,10305
SUNE,20250717 15:03:27.588000,0,1.66,2,1.68,24,REGULAR,REGULAR,NQEX,10305
SUNE,20250717 15:03:27.588000,0,1.66,2,1.68,24,REGULAR,REGULAR,NQEX,10305
SUNE,20250717 15:04:13.266000,0,1.66,3,1.68,24,REGULAR,REGULAR,NQEX,10305
SUNE,20250717 15:04:26.940000,0,1.66,3,1.68,24,REGULAR,REGULAR,NQEX,10305
SUNE,20250717 15:05:37.743000,0,1.66,3,1.68,24,REGULAR,REGULAR,NQEX,10305
SUNE,20250717 15:05:39.802000,0,1.66,3,1.68,24,REGULAR,REGULAR,NQEX,10305
SUNE,20250717 15:05:44.649000,0,1.66,5,1.69,1,REGULAR,REGULAR,NQEX,10300
SUNE,20250717 15:05:44.649000,0,1.66,5,1.69,1,REGULAR,REGULAR,NQEX,10300
SUNE,20250717 15:05:44.649000,0,1.66,5,1.69,1,REGULAR,REGULAR,NQEX,10300
SUNE,20250717 15:05:44.649000,0,1.66,5,1.69,1,REGULAR,REGULAR,NQEX,10300
SUNE,20250717 15:05:44.649000,0,1.66,5,1.69,1,REGULAR,REGULAR,NQEX,10300
SUNE,20250717 15:05:44.649000,0,1.66,5,1.69,1,REGULAR,REGULAR,NQEX,10300
SUNE,20250717 15:05:44.649000,0,1.66,5,1.69,1,REGULAR,REGULAR,NQEX,10300
SUNE,20250717 15:05:44.649000,0,1.66,5,1.69,1,REGULAR,REGULAR,NQEX,10300
SUNE,20250717 15:05:44.649000,0,1.66,5,1.69,1,REGULAR,REGULAR,NQEX,10300
SUNE,20250717 15:05:44.649000,0,1.66,5,1.69,1,REGULAR,REGULAR,NQEX,10300
SUNE,20250717 15:05:44.649000,0,1.66,5,1.69,1,REGULAR,REGULAR,NQEX,10300
SUNE,20250717 15:05:44.649000,0,1.66,5,1.69,1,REGULAR,REGULAR,NQEX,10300
SUNE,20250717 15:05:44.649000,0,1.66,5,1.69,1,REGULAR,REGULAR,NQEX,10300
SUNE,20250717 15:05:44.652000,0,1.66,5,1.69,4,REGULAR,REGULAR,NQEX,10305
SUNE,20250717 15:05:46.474000,0,1.66,4,1.69,7,REGULAR,REGULAR,NQEX,10305
SUNE,20250717 15:08:01.391000,0,1.66,3,1.69,7,REGULAR,REGULAR,NQEX,10305
SUNE,20250717 15:08:01.392000,0,1.66,3,1.69,7,REGULAR,REGULAR,NQEX,10305
SUNE,20250717 15:08:01.392000,0,1.66,3,1.69,7,REGULAR,REGULAR,NQEX,10305
SUNE,20250717 15:08:01.394000,0,1.66,3,1.69,7,REGULAR,REGULAR,NQEX,10305
SUNE,20250717 15:09:01.666000,0,1.66,3,1.69,10,REGULAR,REGULAR,NQEX,10305
SUNE,20250717 15:11:32.830000,0,1.67,2,1.69,10,REGULAR,REGULAR,NQEX,10305
SUNE,20250717 15:11:56.018000,0,1.67,2,1.69,10,REGULAR,REGULAR,NQEX,10305
SUNE,20250717 15:12:24.159000,0,1.67,2,1.69,10,REGULAR,REGULAR,NQEX,10305
SUNE,20250717 15:12:27.512000,0,1.67,2,1.69,10,REGULAR,REGULAR,NQEX,10305
SUNE,20250717 15:12:27.513000,0,1.67,2,1.69,10,REGULAR,REGULAR,NQEX,10305
SUNE,20250717 15:12:50.464000,0,1.67,2,1.69,10,REGULAR,REGULAR,NQEX,10305
SUNE,20250717 15:13:04.739000,0,1.67,2,1.69,10,REGULAR,REGULAR,NQEX,10305
SUNE,20250717 15:13:25.166000,0,1.67,2,1.69,10,REGULAR,REGULAR,NQEX,10305
SUNE,20250717 15:13:46.078000,0,1.67,2,1.69,10,REGULAR,REGULAR,NQEX,10305
SUNE,20250717 15:13:47.679000,0,1.67,2,1.69,10,REGULAR,REGULAR,NQEX,10305
SUNE,20250717 15:13:54.755000,0,1.67,2,1.69,10,REGULAR,REGULAR,NQEX,10305
SUNE,20250717 15:14:01.341000,0,1.67,2,1.69,10,REGULAR,REGULAR,NQEX,10305
SUNE,20250717 15:14:01.341000,0,1.67,2,1.69,10,REGULAR,REGULAR,NQEX,10305
SUNE,20250717 15:14:01.351000,0,1.67,2,1.69,10,REGULAR,REGULAR,NQEX,10305
SUNE,20250717 15:14:01.352000,0,1.67,2,1.69,10,REGULAR,REGULAR,NQEX,10305
SUNE,20250717 15:14:01.353000,0,1.67,2,1.7,115,REGULAR,REGULAR,NQEX,10305
SUNE,20250717 15:14:01.353000,0,1.67,2,1.7,115,REGULAR,REGULAR,NQEX,10305
SUNE,20250717 15:14:01.353000,0,1.67,2,1.7,115,REGULAR,REGULAR,NQEX,10305
SUNE,20250717 15:14:01.353000,0,1.67,2,1.7,115,REGULAR,REGULAR,NQEX,10305
SUNE,20250717 15:14:01.353000,0,1.67,2,1.7,115,REGULAR,REGULAR,NQEX,10305
SUNE,20250717 15:14:01.353000,0,1.67,2,1.7,115,REGULAR,REGULAR,NQEX,10305
SUNE,20250717 15:14:01.353000,0,1.67,2,1.7,115,REGULAR,REGULAR,NQEX,10305
SUNE,20250717 15:14:01.355000,0,1.69,4,1.7,118,REGULAR,REGULAR,NQEX,10305
SUNE,20250717 15:14:02.596000,0,1.69,4,1.7,117,REGULAR,REGULAR,NQEX,10305
SUNE,20250717 15:14:21.533000,0,1.69,7,1.7,117,REGULAR,REGULAR,NQEX,10305
SUNE,20250717 15:14:35.052000,0,1.69,7,1.7,118,REGULAR,REGULAR,NQEX,10305
SUNE,20250717 15:14:36.742000,0,1.69,7,1.7,118,REGULAR,REGULAR,NQEX,10305
SUNE,20250717 15:14:43.454000,0,1.69,7,1.7,124,REGULAR,REGULAR,NQEX,10305
SUNE,20250717 15:14:43.455000,0,1.69,7,1.7,119,REGULAR,REGULAR,NQEX,10305
SUNE,20250717 15:14:59.556000,0,1.69,7,1.7,119,REGULAR,REGULAR,NQEX,10305
SUNE,20250717 15:15:21.447000,0,1.69,5,1.7,119,REGULAR,REGULAR,NQEX,10305
SUNE,20250717 15:15:21.448000,0,1.69,5,1.7,119,REGULAR,REGULAR,NQEX,10305
SUNE,20250717 15:15:21.449000,0,1.69,5,1.7,119,REGULAR,REGULAR,NQEX,10305
SUNE,20250717 15:15:21.451000,0,1.69,5,1.7,119,REGULAR,REGULAR,NQEX,10305
SUNE,20250717 15:15:21.461000,0,1.69,5,1.7,119,REGULAR,REGULAR,NQEX,10305
SUNE,20250717 15:15:41.368000,0,1.69,5,1.7,118,REGULAR,REGULAR,NQEX,10305
SUNE,20250717 15:15:47.187000,0,1.69,5,1.7,125,REGULAR,REGULAR,NQEX,10305
SUNE,20250717 15:15:47.188000,0,1.69,5,1.7,119,REGULAR,REGULAR,NQEX,10305
SUNE,20250717 15:15:47.188000,0,1.69,5,1.7,119,REGULAR,REGULAR,NQEX,10305
SUNE,20250717 15:15:47.189000,0,1.69,5,1.7,119,REGULAR,REGULAR,NQEX,10305
SUNE,20250717 15:15:47.189000,0,1.69,5,1.7,119,REGULAR,REGULAR,NQEX,10305
SUNE,20250717 15:15:47.190000,0,1.66,1,1.69,13,REGULAR,REGULAR,PACF,10305
SUNE,20250717 15:15:47.190000,0,1.66,1,1.69,13,REGULAR,REGULAR,PACF,10305
SUNE,20250717 15:15:47.190000,0,1.66,1,1.69,13,REGULAR,REGULAR,PACF,10305
SUNE,20250717 15:15:47.191000,0,1.66,3,1.69,13,REGULAR,REGULAR,IEX,10305
SUNE,20250717 15:15:47.241000,0,1.66,3,1.7,134,REGULAR,REGULAR,IEX,10305
SUNE,20250717 15:15:47.243000,0,1.66,3,1.7,134,REGULAR,REGULAR,IEX,10305
SUNE,20250717 15:15:48.256000,0,1.66,3,1.7,133,REGULAR,REGULAR,IEX,10305
SUNE,20250717 15:16:09.712000,0,1.67,2,1.7,133,REGULAR,REGULAR,IEX,10305
SUNE,20250717 15:16:13.752000,0,1.67,2,1.7,133,REGULAR,REGULAR,IEX,10305
SUNE,20250717 15:16:21.715000,0,1.67,2,1.69,9,REGULAR,REGULAR,IEX,10305
SUNE,20250717 15:16:21.715000,0,1.67,2,1.69,9,REGULAR,REGULAR,IEX,10305
SUNE,20250717 15:16:21.715000,0,1.67,2,1.69,9,REGULAR,REGULAR,IEX,10305
SUNE,20250717 15:16:21.715000,0,1.67,2,1.69,9,REGULAR,REGULAR,IEX,10305
SUNE,20250717 15:16:30.144000,0,1.67,2,1.7,132,REGULAR,REGULAR,IEX,10305
SUNE,20250717 15:16:52.944000,0,1.67,2,1.7,132,REGULAR,REGULAR,IEX,10305
SUNE,20250717 15:16:52.944000,0,1.67,2,1.7,132,REGULAR,REGULAR,IEX,10305
SUNE,20250717 15:16:52.947000,0,1.67,2,1.7,132,REGULAR,REGULAR,IEX,10305
SUNE,20250717 15:16:52.964000,0,1.67,2,1.7,115,REGULAR,REGULAR,IEX,10305
SUNE,20250717 15:16:52.964000,0,1.67,2,1.7,115,REGULAR,REGULAR,IEX,10305
SUNE,20250717 15:16:52.964000,0,1.67,2,1.7,115,REGULAR,REGULAR,IEX,10305
SUNE,20250717 15:16:52.964000,0,1.67,2,1.7,115,REGULAR,REGULAR,IEX,10305
SUNE,20250717 15:16:52.964000,0,1.67,2,1.7,115,REGULAR,REGULAR,IEX,10305
SUNE,20250717 15:16:52.964000,0,1.67,2,1.7,115,REGULAR,REGULAR,IEX,10305
SUNE,20250717 15:16:52.964000,0,1.67,2,1.7,115,REGULAR,REGULAR,IEX,10305
SUNE,20250717 15:16:52.964000,0,1.67,2,1.7,115,REGULAR,REGULAR,IEX,10305
SUNE,20250717 15:17:37.439000,0,1.67,3,1.7,127,REGULAR,REGULAR,IEX,10305
SUNE,20250717 15:18:01.957000,0,1.67,3,1.7,127,REGULAR,REGULAR,IEX,10305
SUNE,20250717 15:20:30.404000,0,1.67,2,1.7,127,REGULAR,REGULAR,IEX,10305
SUNE,20250717 15:21:29.887000,0,1.67,2,1.7,127,REGULAR,REGULAR,IEX,10305
SUNE,20250717 15:22:20.009000,0,1.67,2,1.69,11,REGULAR,REGULAR,IEX,10305
SUNE,20250717 15:22:31.926000,0,1.67,3,1.69,12,REGULAR,REGULAR,PACF,10305
SUNE,20250717 15:22:34.104000,0,1.67,2,1.69,13,REGULAR,REGULAR,IEX,10305
SUNE,20250717 15:22:34.202000,0,1.67,2,1.69,13,REGULAR,REGULAR,IEX,10305
SUNE,20250717 15:22:34.210000,0,1.67,2,1.69,13,REGULAR,REGULAR,IEX,10305
SUNE,20250717 15:22:34.213000,0,1.67,2,1.69,13,REGULAR,REGULAR,IEX,10305
SUNE,20250717 15:22:47.228000,0,1.67,10,1.69,13,REGULAR,REGULAR,MEMX,10305
SUNE,20250717 15:22:47.717000,0,1.67,10,1.69,13,REGULAR,REGULAR,MEMX,10305
SUNE,20250717 15:22:51.271000,0,1.67,10,1.69,13,REGULAR,REGULAR,MEMX,10305
SUNE,20250717 15:22:51.271000,0,1.67,10,1.69,13,REGULAR,REGULAR,MEMX,10305
SUNE,20250717 15:22:51.273000,0,1.67,10,1.69,13,REGULAR,REGULAR,MEMX,10305
SUNE,20250717 15:22:51.279000,0,1.67,10,1.69,13,REGULAR,REGULAR,MEMX,10305
SUNE,20250717 15:22:51.282000,0,1.67,10,1.69,13,REGULAR,REGULAR,MEMX,10305
SUNE,20250717 15:22:51.282000,0,1.67,10,1.69,13,REGULAR,REGULAR,MEMX,10305
SUNE,20250717 15:22:51.282000,0,1.67,10,1.69,13,REGULAR,REGULAR,MEMX,10305
SUNE,20250717 15:22:51.282000,0,1.67,10,1.69,13,REGULAR,REGULAR,MEMX,10305
SUNE,20250717 15:22:51.283000,0,1.67,10,1.69,13,REGULAR,REGULAR,MEMX,10305
SUNE,20250717 15:22:51.283000,0,1.67,10,1.69,13,REGULAR,REGULAR,MEMX,10305
SUNE,20250717 15:22:51.283000,0,1.67,10,1.69,13,REGULAR,REGULAR,MEMX,10305
SUNE,20250717 15:22:51.283000,0,1.67,10,1.69,13,REGULAR,REGULAR,MEMX,10305
SUNE,20250717 15:22:51.283000,0,1.67,10,1.69,13,REGULAR,REGULAR,MEMX,10305
SUNE,20250717 15:22:51.285000,0,1.67,10,1.69,13,REGULAR,REGULAR,MEMX,10305
SUNE,20250717 15:22:51.285000,0,1.67,10,1.69,13,REGULAR,REGULAR,MEMX,10305
SUNE,20250717 15:22:51.286000,0,1.67,10,1.69,13,REGULAR,REGULAR,MEMX,10305
SUNE,20250717 15:22:51.286000,0,1.67,10,1.69,13,REGULAR,REGULAR,MEMX,10305
SUNE,20250717 15:22:51.287000,0,1.67,10,1.69,13,REGULAR,REGULAR,MEMX,10305
SUNE,20250717 15:22:53.806000,0,1.67,10,1.69,13,REGULAR,REGULAR,MEMX,10305
SUNE,20250717 15:23:04.867000,0,1.67,10,1.69,13,REGULAR,REGULAR,MEMX,10305
SUNE,20250717 15:23:42.972000,0,1.67,10,1.69,14,REGULAR,REGULAR,MEMX,10305
SUNE,20250717 15:23:49.060000,0,1.67,10,1.69,15,REGULAR,REGULAR,MEMX,10305
SUNE,20250717 15:23:49.630000,0,1.67,10,1.69,15,REGULAR,REGULAR,MEMX,10305
SUNE,20250717 15:23:57.277000,0,1.67,10,1.69,15,REGULAR,REGULAR,MEMX,10305
SUNE,20250717 15:23:57.363000,0,1.67,10,1.69,15,REGULAR,REGULAR,MEMX,10305
SUNE,20250717 15:23:58.280000,0,1.67,10,1.69,16,REGULAR,REGULAR,MEMX,10305
SUNE,20250717 15:23:59.284000,0,1.67,10,1.69,16,REGULAR,REGULAR,MEMX,10305
SUNE,20250717 15:23:59.312000,0,1.67,10,1.69,16,REGULAR,REGULAR,MEMX,10305
SUNE,20250717 15:23:59.362000,0,1.67,10,1.69,16,REGULAR,REGULAR,MEMX,10305
SUNE,20250717 15:23:59.417000,0,1.67,10,1.69,8,REGULAR,REGULAR,MEMX,10305
SUNE,20250717 15:24:09.473000,0,1.67,10,1.69,4,REGULAR,REGULAR,MEMX,10305
SUNE,20250717 15:24:17.416000,0,1.67,10,1.69,6,REGULAR,REGULAR,MEMX,10305
SUNE,20250717 15:24:18.897000,0,1.68,19,1.69,6,REGULAR,REGULAR,NQEX,10305
SUNE,20250717 15:24:19.898000,0,1.68,19,1.69,5,REGULAR,REGULAR,NQEX,10305
SUNE,20250717 15:24:23.403000,0,1.68,20,1.69,5,REGULAR,REGULAR,NQEX,10305
SUNE,20250717 15:24:25.425000,0,1.68,20,1.69,5,REGULAR,REGULAR,NQEX,10305
SUNE,20250717 15:24:30.787000,0,1.68,20,1.69,5,REGULAR,REGULAR,NQEX,10305
SUNE,20250717 15:24:37.569000,0,1.68,20,1.69,5,REGULAR,REGULAR,NQEX,10305
SUNE,20250717 15:24:38.631000,0,1.68,20,1.69,5,REGULAR,REGULAR,NQEX,10305
SUNE,20250717 15:24:38.635000,0,1.68,21,1.7,115,REGULAR,REGULAR,NQEX,10305
SUNE,20250717 15:24:38.635000,0,1.68,21,1.7,115,REGULAR,REGULAR,NQEX,10305
SUNE,20250717 15:24:38.635000,0,1.68,21,1.7,115,REGULAR,REGULAR,NQEX,10305
SUNE,20250717 15:24:38.635000,0,1.68,21,1.7,115,REGULAR,REGULAR,NQEX,10305
SUNE,20250717 15:24:38.635000,0,1.68,21,1.7,115,REGULAR,REGULAR,NQEX,10305
SUNE,20250717 15:24:38.635000,0,1.68,21,1.7,115,REGULAR,REGULAR,NQEX,10305
SUNE,20250717 15:24:38.636000,0,1.68,21,1.7,105,REGULAR,REGULAR,NQEX,10305
SUNE,20250717 15:24:38.636000,0,1.68,21,1.7,105,REGULAR,REGULAR,NQEX,10305
SUNE,20250717 15:25:18.160000,0,1.69,11,1.71,1,REGULAR,REGULAR,NQEX,10247
SUNE,20250717 15:25:18.160000,0,1.69,11,1.71,1,REGULAR,REGULAR,NQEX,10247
SUNE,20250717 15:25:18.160000,0,1.69,11,1.71,1,REGULAR,REGULAR,NQEX,10247
SUNE,20250717 15:25:18.160000,0,1.69,11,1.71,1,REGULAR,REGULAR,NQEX,10247
SUNE,20250717 15:25:18.160000,0,1.69,11,1.71,1,REGULAR,REGULAR,NQEX,10247
SUNE,20250717 15:25:18.160000,0,1.69,11,1.71,1,REGULAR,REGULAR,NQEX,10247
SUNE,20250717 15:25:18.160000,0,1.69,11,1.71,1,REGULAR,REGULAR,NQEX,10247
SUNE,20250717 15:25:18.160000,0,1.69,11,1.71,1,REGULAR,REGULAR,NQEX,10247
SUNE,20250717 15:25:18.160000,0,1.69,11,1.71,1,REGULAR,REGULAR,NQEX,10247
SUNE,20250717 15:25:18.160000,0,1.69,11,1.71,1,REGULAR,REGULAR,NQEX,10247
SUNE,20250717 15:25:18.160000,0,1.69,11,1.71,1,REGULAR,REGULAR,NQEX,10247
SUNE,20250717 15:25:18.160000,0,1.69,11,1.71,1,REGULAR,REGULAR,NQEX,10247
SUNE,20250717 15:25:18.160000,0,1.69,11,1.71,1,REGULAR,REGULAR,NQEX,10247
SUNE,20250717 15:25:18.160000,0,1.69,11,1.71,1,REGULAR,REGULAR,NQEX,10247
SUNE,20250717 15:25:18.163000,0,1.7,3,1.72,1,REGULAR,REGULAR,PACF,10300
SUNE,20250717 15:25:18.163000,0,1.7,3,1.72,1,REGULAR,REGULAR,PACF,10300
SUNE,20250717 15:25:18.164000,0,1.72,2,1.73,2,REGULAR,REGULAR,PACF,10241
SUNE,20250717 15:25:18.164000,0,1.72,2,1.73,2,REGULAR,REGULAR,PACF,10241
SUNE,20250717 15:25:18.164000,0,1.72,2,1.73,2,REGULAR,REGULAR,PACF,10241
SUNE,20250717 15:25:18.164000,0,1.72,2,1.73,2,REGULAR,REGULAR,PACF,10241
SUNE,20250717 15:25:18.164000,0,1.72,2,1.73,2,REGULAR,REGULAR,PACF,10241
SUNE,20250717 15:25:18.164000,0,1.72,2,1.73,2,REGULAR,REGULAR,PACF,10241
SUNE,20250717 15:25:18.164000,0,1.72,2,1.73,2,REGULAR,REGULAR,PACF,10241
SUNE,20250717 15:25:18.164000,0,1.72,2,1.73,2,REGULAR,REGULAR,PACF,10241
SUNE,20250717 15:25:18.164000,0,1.72,2,1.73,2,REGULAR,REGULAR,PACF,10241
SUNE,20250717 15:25:18.164000,0,1.72,2,1.73,2,REGULAR,REGULAR,PACF,10241
SUNE,20250717 15:25:18.164000,0,1.72,2,1.73,2,REGULAR,REGULAR,PACF,10241
SUNE,20250717 15:25:18.164000,0,1.72,2,1.73,2,REGULAR,REGULAR,PACF,10241
SUNE,20250717 15:25:18.164000,0,1.72,2,1.73,2,REGULAR,REGULAR,PACF,10241
SUNE,20250717 15:25:18.164000,0,1.72,2,1.73,2,REGULAR,REGULAR,PACF,10241
SUNE,20250717 15:25:18.164000,0,1.72,2,1.73,2,REGULAR,REGULAR,PACF,10241
SUNE,20250717 15:25:18.164000,0,1.72,2,1.73,2,REGULAR,REGULAR,PACF,10241
SUNE,20250717 15:25:18.165000,0,1.72,2,1.74,23,REGULAR,REGULAR,IEX,10247
SUNE,20250717 15:25:18.165000,0,1.72,2,1.74,23,REGULAR,REGULAR,IEX,10247
SUNE,20250717 15:25:18.165000,0,1.72,2,1.74,23,REGULAR,REGULAR,IEX,10247
SUNE,20250717 15:25:18.165000,0,1.72,2,1.74,23,REGULAR,REGULAR,IEX,10247
SUNE,20250717 15:25:18.165000,0,1.72,2,1.74,23,REGULAR,REGULAR,IEX,10247
SUNE,20250717 15:25:18.166000,0,1.72,2,1.74,25,REGULAR,REGULAR,IEX,10247
SUNE,20250717 15:25:18.167000,0,1.72,2,1.74,25,REGULAR,REGULAR,IEX,10247
SUNE,20250717 15:25:18.170000,0,1.72,2,1.74,25,REGULAR,REGULAR,IEX,10247
SUNE,20250717 15:25:18.181000,0,1.72,2,1.74,25,REGULAR,REGULAR,IEX,10247
SUNE,20250717 15:25:18.266000,0,1.71,2,1.73,2,REGULAR,REGULAR,PACF,10241
SUNE,20250717 15:25:19.410000,0,1.71,2,1.73,2,REGULAR,REGULAR,PACF,10241
SUNE,20250717 15:25:20.033000,0,1.71,2,1.73,2,REGULAR,REGULAR,IEX,10241
SUNE,20250717 15:25:35.790000,0,1.69,10,1.74,23,REGULAR,REGULAR,NQEX,10247
SUNE,20250717 15:25:56.795000,0,1.69,10,1.74,23,REGULAR,REGULAR,NQEX,10247
SUNE,20250717 15:27:13.565000,0,1.71,2,1.74,23,REGULAR,REGULAR,IEX,10247
SUNE,20250717 15:27:13.613000,0,1.71,2,1.74,19,REGULAR,REGULAR,IEX,10247
SUNE,20250717 15:27:18.129000,0,1.71,2,1.74,19,REGULAR,REGULAR,IEX,10247
SUNE,20250717 15:27:24.495000,0,1.71,2,1.74,19,REGULAR,REGULAR,IEX,10247
SUNE,20250717 15:27:24.907000,0,1.71,2,1.74,19,REGULAR,REGULAR,IEX,10247
SUNE,20250717 15:27:28.117000,0,1.73,4,1.75,5,REGULAR,REGULAR,PACF,10305
SUNE,20250717 15:27:28.117000,0,1.73,4,1.75,5,REGULAR,REGULAR,PACF,10305
SUNE,20250717 15:27:28.117000,0,1.73,4,1.75,5,REGULAR,REGULAR,PACF,10305
SUNE,20250717 15:27:28.117000,0,1.73,4,1.75,5,REGULAR,REGULAR,PACF,10305
SUNE,20250717 15:27:30.890000,0,1.74,4,1.76,2,REGULAR,REGULAR,PACF,10241
SUNE,20250717 15:27:30.890000,0,1.74,4,1.76,2,REGULAR,REGULAR,PACF,10241
SUNE,20250717 15:27:30.890000,0,1.74,4,1.76,2,REGULAR,REGULAR,PACF,10241
SUNE,20250717 15:27:30.890000,0,1.74,4,1.76,2,REGULAR,REGULAR,PACF,10241
SUNE,20250717 15:27:30.890000,0,1.74,4,1.76,2,REGULAR,REGULAR,PACF,10241
SUNE,20250717 15:27:30.890000,0,1.74,4,1.76,2,REGULAR,REGULAR,PACF,10241
SUNE,20250717 15:27:45.778000,0,1.75,4,1.77,113,REGULAR,REGULAR,NQEX,10313
SUNE,20250717 15:27:45.778000,0,1.75,4,1.77,113,REGULAR,REGULAR,NQEX,10313
SUNE,20250717 15:27:45.778000,0,1.75,4,1.77,113,REGULAR,REGULAR,NQEX,10313
SUNE,20250717 15:27:45.778000,0,1.75,4,1.77,113,REGULAR,REGULAR,NQEX,10313
SUNE,20250717 15:27:45.779000,0,1.75,3,1.77,113,REGULAR,REGULAR,PACF,10313
SUNE,20250717 15:27:45.779000,0,1.75,3,1.77,113,REGULAR,REGULAR,PACF,10313
SUNE,20250717 15:27:45.779000,0,1.75,3,1.77,113,REGULAR,REGULAR,PACF,10313
SUNE,20250717 15:27:45.779000,0,1.75,3,1.77,113,REGULAR,REGULAR,PACF,10313
SUNE,20250717 15:27:46.208000,0,1.73,2,1.77,113,REGULAR,REGULAR,PACF,10313
SUNE,20250717 15:27:49.195000,0,1.73,2,1.77,113,REGULAR,REGULAR,PACF,10313
SUNE,20250717 15:27:49.196000,0,1.73,2,1.77,113,REGULAR,REGULAR,PACF,10313
SUNE,20250717 15:27:52.263000,0,1.73,2,1.77,113,REGULAR,REGULAR,PACF,10313
SUNE,20250717 15:27:52.308000,0,1.73,2,1.77,113,REGULAR,REGULAR,PACF,10313
SUNE,20250717 15:27:52.315000,0,1.73,2,1.77,113,REGULAR,REGULAR,PACF,10313
SUNE,20250717 15:27:52.384000,0,1.73,2,1.77,113,REGULAR,REGULAR,PACF,10313
SUNE,20250717 15:27:55.570000,0,1.73,3,1.77,113,REGULAR,REGULAR,NQEX,10313
SUNE,20250717 15:27:55.570000,0,1.73,3,1.77,113,REGULAR,REGULAR,NQEX,10313
SUNE,20250717 15:27:55.570000,0,1.73,3,1.77,113,REGULAR,REGULAR,NQEX,10313
SUNE,20250717 15:27:55.570000,0,1.73,3,1.77,113,REGULAR,REGULAR,NQEX,10313
SUNE,20250717 15:28:01.438000,0,1.74,5,1.77,113,REGULAR,REGULAR,NQEX,10313
SUNE,20250717 15:28:09.589000,0,1.74,5,1.77,113,REGULAR,REGULAR,NQEX,10313
SUNE,20250717 15:28:12.897000,0,1.74,5,1.77,113,REGULAR,REGULAR,NQEX,10313
SUNE,20250717 15:28:20.616000,0,1.75,4,1.77,113,REGULAR,REGULAR,NQEX,10313
SUNE,20250717 15:28:20.616000,0,1.75,4,1.77,113,REGULAR,REGULAR,NQEX,10313
SUNE,20250717 15:28:23.360000,0,1.74,5,1.77,113,REGULAR,REGULAR,NQEX,10313
SUNE,20250717 15:28:23.361000,0,1.74,5,1.77,113,REGULAR,REGULAR,NQEX,10313
SUNE,20250717 15:28:29.206000,0,1.74,5,1.77,113,REGULAR,REGULAR,NQEX,10313
SUNE,20250717 15:28:30.282000,0,1.74,5,1.77,113,REGULAR,REGULAR,NQEX,10313
SUNE,20250717 15:28:32.206000,0,1.74,5,1.77,113,REGULAR,REGULAR,NQEX,10313
SUNE,20250717 15:28:32.429000,0,1.74,5,1.77,113,REGULAR,REGULAR,NQEX,10313
SUNE,20250717 15:28:34.085000,0,1.74,5,1.77,113,REGULAR,REGULAR,NQEX,10313
SUNE,20250717 15:28:35.332000,0,1.74,5,1.77,113,REGULAR,REGULAR,NQEX,10313
SUNE,20250717 15:28:35.515000,0,1.74,5,1.77,113,REGULAR,REGULAR,NQEX,10313
SUNE,20250717 15:28:35.516000,0,1.74,5,1.77,113,REGULAR,REGULAR,NQEX,10313
SUNE,20250717 15:28:35.997000,0,1.74,5,1.77,113,REGULAR,REGULAR,NQEX,10313
SUNE,20250717 15:28:36.151000,0,1.74,5,1.77,113,REGULAR,REGULAR,NQEX,10313
SUNE,20250717 15:28:36.313000,0,1.74,5,1.77,113,REGULAR,REGULAR,NQEX,10313
SUNE,20250717 15:28:37.090000,0,1.74,5,1.77,113,REGULAR,REGULAR,NQEX,10313
SUNE,20250717 15:28:37.175000,0,1.74,5,1.77,113,REGULAR,REGULAR,NQEX,10313
SUNE,20250717 15:28:47.696000,0,1.74,5,1.77,113,REGULAR,REGULAR,NQEX,10313
SUNE,20250717 15:28:54.164000,0,1.74,5,1.77,113,REGULAR,REGULAR,NQEX,10313
SUNE,20250717 15:28:55.832000,0,1.74,5,1.77,113,REGULAR,REGULAR,NQEX,10313
SUNE,20250717 15:28:56.126000,0,1.74,5,1.77,113,REGULAR,REGULAR,NQEX,10313
SUNE,20250717 15:29:01.766000,0,1.74,5,1.77,113,REGULAR,REGULAR,NQEX,10313
SUNE,20250717 15:29:13.238000,0,1.74,5,1.77,113,REGULAR,REGULAR,NQEX,10313
SUNE,20250717 15:29:16.970000,0,1.74,5,1.77,113,REGULAR,REGULAR,NQEX,10313
SUNE,20250717 15:29:26.544000,0,1.74,5,1.77,113,REGULAR,REGULAR,NQEX,10313
SUNE,20250717 15:29:26.670000,0,1.74,5,1.77,113,REGULAR,REGULAR,NQEX,10313
SUNE,20250717 15:29:26.671000,0,1.74,5,1.77,113,REGULAR,REGULAR,NQEX,10313
SUNE,20250717 15:29:26.677000,0,1.74,5,1.77,113,REGULAR,REGULAR,NQEX,10313
SUNE,20250717 15:29:26.680000,0,1.74,5,1.77,113,REGULAR,REGULAR,NQEX,10313
SUNE,20250717 15:29:31.907000,0,1.74,5,1.77,113,REGULAR,REGULAR,NQEX,10313
SUNE,20250717 15:29:35.325000,0,1.74,5,1.77,113,REGULAR,REGULAR,NQEX,10313
SUNE,20250717 15:29:36.189000,0,1.74,5,1.77,113,REGULAR,REGULAR,NQEX,10313
SUNE,20250717 15:29:44.117000,0,1.74,5,1.77,113,REGULAR,REGULAR,NQEX,10313
SUNE,20250717 15:29:44.117000,0,1.74,5,1.77,113,REGULAR,REGULAR,NQEX,10313
SUNE,20250717 15:29:44.117000,0,1.74,5,1.77,113,REGULAR,REGULAR,NQEX,10313
SUNE,20250717 15:29:45.138000,0,1.74,5,1.77,113,REGULAR,REGULAR,NQEX,10313
SUNE,20250717 15:29:49.357000,0,1.74,5,1.77,113,REGULAR,REGULAR,NQEX,10313
SUNE,20250717 15:29:53.933000,0,1.74,5,1.77,113,REGULAR,REGULAR,NQEX,10313
SUNE,20250717 15:29:57.247000,0,1.75,10,1.77,113,REGULAR,REGULAR,EDGX,10313
SUNE,20250717 15:30:00.077000,0,1.76,1,1.77,113,REGULAR,REGULAR,NQEX,10313
SUNE,20250717 15:30:11.976000,0,1.76,1,1.77,113,REGULAR,REGULAR,NQEX,10313
SUNE,20250717 15:30:13.931000,0,1.76,2,1.77,113,REGULAR,REGULAR,IEX,10313
SUNE,20250717 15:30:17.089000,0,1.76,2,1.77,113,REGULAR,REGULAR,IEX,10313
SUNE,20250717 15:30:18.591000,0,1.76,2,1.77,113,REGULAR,REGULAR,IEX,10313
SUNE,20250717 15:30:18.591000,0,1.76,2,1.77,113,REGULAR,REGULAR,IEX,10313
SUNE,20250717 15:30:18.711000,0,1.76,2,1.77,113,REGULAR,REGULAR,IEX,10313
SUNE,20250717 15:30:18.711000,0,1.76,2,1.77,113,REGULAR,REGULAR,IEX,10313
SUNE,20250717 15:30:18.711000,0,1.76,2,1.77,113,REGULAR,REGULAR,IEX,10313
SUNE,20250717 15:30:18.711000,0,1.76,2,1.77,113,REGULAR,REGULAR,IEX,10313
SUNE,20250717 15:30:18.711000,0,1.76,2,1.77,113,REGULAR,REGULAR,IEX,10313
SUNE,20250717 15:30:18.712000,0,1.76,2,1.77,103,REGULAR,REGULAR,IEX,10313
SUNE,20250717 15:30:18.712000,0,1.76,2,1.77,103,REGULAR,REGULAR,IEX,10313
SUNE,20250717 15:30:20.437000,0,1.76,3,1.78,6,REGULAR,REGULAR,NQEX,10305
SUNE,20250717 15:30:20.437000,0,1.76,3,1.78,6,REGULAR,REGULAR,NQEX,10305
SUNE,20250717 15:30:20.437000,0,1.76,3,1.78,6,REGULAR,REGULAR,NQEX,10305
SUNE,20250717 15:30:20.437000,0,1.76,3,1.78,6,REGULAR,REGULAR,NQEX,10305
SUNE,20250717 15:30:20.438000,0,1.76,3,1.78,6,REGULAR,REGULAR,NQEX,10305
SUNE,20250717 15:30:20.438000,0,1.76,3,1.78,6,REGULAR,REGULAR,NQEX,10305
SUNE,20250717 15:30:20.439000,0,1.76,3,1.77,1,REGULAR,REGULAR,NQEX,10313
SUNE,20250717 15:30:20.439000,0,1.76,3,1.77,1,REGULAR,REGULAR,NQEX,10313
SUNE,20250717 15:30:20.439000,0,1.76,3,1.77,1,REGULAR,REGULAR,NQEX,10313
SUNE,20250717 15:30:20.439000,0,1.76,3,1.77,1,REGULAR,REGULAR,NQEX,10313
SUNE,20250717 15:30:20.439000,0,1.76,3,1.77,1,REGULAR,REGULAR,NQEX,10313
SUNE,20250717 15:30:20.439000,0,1.76,3,1.77,1,REGULAR,REGULAR,NQEX,10313
SUNE,20250717 15:30:20.439000,0,1.76,3,1.77,1,REGULAR,REGULAR,NQEX,10313
SUNE,20250717 15:30:20.439000,0,1.76,3,1.77,1,REGULAR,REGULAR,NQEX,10313
SUNE,20250717 15:30:20.439000,0,1.76,3,1.77,1,REGULAR,REGULAR,NQEX,10313
SUNE,20250717 15:30:20.439000,0,1.76,3,1.77,1,REGULAR,REGULAR,NQEX,10313
SUNE,20250717 15:30:20.440000,0,1.76,3,1.77,10,REGULAR,REGULAR,NQEX,10241
SUNE,20250717 15:30:20.450000,0,1.76,2,1.77,10,REGULAR,REGULAR,NQEX,10241
SUNE,20250717 15:30:20.451000,0,1.76,6,1.78,6,REGULAR,REGULAR,NQEX,10305
SUNE,20250717 15:30:20.451000,0,1.76,6,1.78,6,REGULAR,REGULAR,NQEX,10305
SUNE,20250717 15:30:20.451000,0,1.76,6,1.78,6,REGULAR,REGULAR,NQEX,10305
SUNE,20250717 15:30:20.451000,0,1.76,6,1.78,6,REGULAR,REGULAR,NQEX,10305
SUNE,20250717 15:30:20.451000,0,1.76,6,1.78,6,REGULAR,REGULAR,NQEX,10305
SUNE,20250717 15:30:20.455000,0,1.77,4,1.78,6,REGULAR,REGULAR,NQEX,10305
SUNE,20250717 15:30:21.111000,0,1.76,2,1.78,6,REGULAR,REGULAR,IEX,10305
SUNE,20250717 15:30:22.206000,0,1.76,2,1.78,6,REGULAR,REGULAR,IEX,10305
SUNE,20250717 15:30:28.437000,0,1.77,10,1.78,6,REGULAR,REGULAR,EDGX,10305
SUNE,20250717 15:30:32.630000,0,1.77,10,1.78,6,REGULAR,REGULAR,EDGX,10305
SUNE,20250717 15:30:39.775000,0,1.77,10,1.78,6,REGULAR,REGULAR,EDGX,10305
SUNE,20250717 15:30:39.776000,0,1.77,10,1.78,6,REGULAR,REGULAR,EDGX,10305
SUNE,20250717 15:30:40.784000,0,1.77,10,1.78,6,REGULAR,REGULAR,EDGX,10305
SUNE,20250717 15:30:40.785000,0,1.77,10,1.79,17,REGULAR,REGULAR,EDGX,10241
SUNE,20250717 15:30:40.785000,0,1.77,10,1.79,17,REGULAR,REGULAR,EDGX,10241
SUNE,20250717 15:30:40.785000,0,1.77,10,1.79,17,REGULAR,REGULAR,EDGX,10241
SUNE,20250717 15:30:44.586000,0,1.78,5,1.79,9,REGULAR,REGULAR,EDGX,10241
SUNE,20250717 15:30:44.586000,0,1.78,5,1.79,9,REGULAR,REGULAR,EDGX,10241
SUNE,20250717 15:30:44.587000,0,1.78,5,1.79,9,REGULAR,REGULAR,EDGX,10241
SUNE,20250717 15:30:44.587000,0,1.78,5,1.79,9,REGULAR,REGULAR,EDGX,10241
SUNE,20250717 15:30:44.587000,0,1.78,5,1.79,9,REGULAR,REGULAR,EDGX,10241
SUNE,20250717 15:30:48.057000,0,1.78,5,1.79,9,REGULAR,REGULAR,EDGX,10241
SUNE,20250717 15:30:48.410000,0,1.78,5,1.79,8,REGULAR,REGULAR,EDGX,10241
SUNE,20250717 15:30:48.600000,0,1.78,5,1.79,8,REGULAR,REGULAR,EDGX,10241
SUNE,20250717 15:30:48.611000,0,1.78,5,1.79,8,REGULAR,REGULAR,EDGX,10241
SUNE,20250717 15:30:53.577000,0,1.79,6,1.8,12,REGULAR,REGULAR,NQEX,10247
SUNE,20250717 15:30:53.577000,0,1.79,6,1.8,12,REGULAR,REGULAR,NQEX,10247
SUNE,20250717 15:30:53.814000,0,1.78,5,1.8,12,REGULAR,REGULAR,EDGX,10247
SUNE,20250717 15:30:55.046000,0,1.78,5,1.8,12,REGULAR,REGULAR,EDGX,10247
SUNE,20250717 15:30:58.711000,0,1.78,5,1.8,12,REGULAR,REGULAR,EDGX,10247
SUNE,20250717 15:30:58.898000,0,1.78,5,1.8,12,REGULAR,REGULAR,EDGX,10247
SUNE,20250717 15:31:02.404000,0,1.79,3,1.8,12,REGULAR,REGULAR,NQEX,10247
SUNE,20250717 15:31:02.537000,0,1.79,3,1.8,12,REGULAR,REGULAR,NQEX,10247
SUNE,20250717 15:31:04.975000,0,1.79,3,1.8,12,REGULAR,REGULAR,NQEX,10247
SUNE,20250717 15:31:04.976000,0,1.79,3,1.8,12,REGULAR,REGULAR,NQEX,10247
SUNE,20250717 15:31:04.978000,0,1.79,3,1.8,12,REGULAR,REGULAR,NQEX,10247
SUNE,20250717 15:31:04.978000,0,1.79,3,1.8,12,REGULAR,REGULAR,NQEX,10247
SUNE,20250717 15:31:05.407000,0,1.79,3,1.8,12,REGULAR,REGULAR,NQEX,10247
SUNE,20250717 15:31:08.101000,0,1.79,3,1.8,12,REGULAR,REGULAR,NQEX,10247
SUNE,20250717 15:31:08.102000,0,1.79,3,1.8,12,REGULAR,REGULAR,NQEX,10247
SUNE,20250717 15:31:10.334000,0,1.79,3,1.8,12,REGULAR,REGULAR,NQEX,10247
SUNE,20250717 15:31:16.911000,0,1.79,3,1.8,13,REGULAR,REGULAR,NQEX,10247
SUNE,20250717 15:31:17.194000,0,1.79,3,1.8,13,REGULAR,REGULAR,NQEX,10247
SUNE,20250717 15:31:21.536000,0,1.79,3,1.8,13,REGULAR,REGULAR,NQEX,10247
SUNE,20250717 15:31:22.574000,0,1.79,3,1.8,13,REGULAR,REGULAR,NQEX,10247
SUNE,20250717 15:31:24.845000,0,1.79,3,1.8,13,REGULAR,REGULAR,NQEX,10247
SUNE,20250717 15:31:25.873000,0,1.78,2,1.8,13,REGULAR,REGULAR,IEX,10247
SUNE,20250717 15:31:29.981000,0,1.78,2,1.8,13,REGULAR,REGULAR,IEX,10247
SUNE,20250717 15:31:37.715000,0,1.78,3,1.8,13,REGULAR,REGULAR,NQEX,10247
SUNE,20250717 15:31:39.340000,0,1.78,3,1.8,13,REGULAR,REGULAR,NQEX,10247
SUNE,20250717 15:31:41.269000,0,1.78,3,1.8,13,REGULAR,REGULAR,NQEX,10247
SUNE,20250717 15:31:42.187000,0,1.78,3,1.8,13,REGULAR,REGULAR,NQEX,10247
SUNE,20250717 15:31:42.187000,0,1.78,3,1.8,13,REGULAR,REGULAR,NQEX,10247
SUNE,20250717 15:31:42.187000,0,1.78,3,1.8,13,REGULAR,REGULAR,NQEX,10247
SUNE,20250717 15:31:43.654000,0,1.78,2,1.8,13,REGULAR,REGULAR,IEX,10247
SUNE,20250717 15:31:45.650000,0,1.78,2,1.8,13,REGULAR,REGULAR,IEX,10247
SUNE,20250717 15:31:47.180000,0,1.78,2,1.8,13,REGULAR,REGULAR,IEX,10247
SUNE,20250717 15:31:50.464000,0,1.78,2,1.8,13,REGULAR,REGULAR,IEX,10247
SUNE,20250717 15:31:52.864000,0,1.78,2,1.8,13,REGULAR,REGULAR,IEX,10247
SUNE,20250717 15:31:56.286000,0,1.78,2,1.8,13,REGULAR,REGULAR,IEX,10247
SUNE,20250717 15:31:57.903000,0,1.78,2,1.8,13,REGULAR,REGULAR,IEX,10247
SUNE,20250717 15:32:00.336000,0,1.78,2,1.8,13,REGULAR,REGULAR,IEX,10247
SUNE,20250717 15:32:07.477000,0,1.78,2,1.8,13,REGULAR,REGULAR,IEX,10247
SUNE,20250717 15:32:08.740000,0,1.78,2,1.8,13,REGULAR,REGULAR,IEX,10247
SUNE,20250717 15:32:10.334000,0,1.78,2,1.8,13,REGULAR,REGULAR,IEX,10247
SUNE,20250717 15:32:16.214000,0,1.78,2,1.8,13,REGULAR,REGULAR,IEX,10247
SUNE,20250717 15:32:16.316000,0,1.78,2,1.8,13,REGULAR,REGULAR,IEX,10247
SUNE,20250717 15:32:23.979000,0,1.77,1,1.79,6,REGULAR,REGULAR,NQEX,10247
SUNE,20250717 15:32:23.979000,0,1.77,1,1.79,6,REGULAR,REGULAR,NQEX,10247
SUNE,20250717 15:32:23.979000,0,1.77,1,1.79,6,REGULAR,REGULAR,NQEX,10247
SUNE,20250717 15:32:25.853000,0,1.77,4,1.79,3,REGULAR,REGULAR,NQEX,10305
SUNE,20250717 15:32:29.459000,0,1.77,4,1.79,3,REGULAR,REGULAR,NQEX,10305
SUNE,20250717 15:32:31.035000,0,1.77,4,1.79,3,REGULAR,REGULAR,NQEX,10305
SUNE,20250717 15:32:33.997000,0,1.77,4,1.79,3,REGULAR,REGULAR,NQEX,10305
SUNE,20250717 15:32:36.085000,0,1.77,4,1.79,3,REGULAR,REGULAR,NQEX,10305
SUNE,20250717 15:32:45.879000,0,1.77,4,1.79,6,REGULAR,REGULAR,NQEX,10305
SUNE,20250717 15:32:47.356000,0,1.77,4,1.79,5,REGULAR,REGULAR,NQEX,10305
SUNE,20250717 15:33:01.184000,0,1.77,4,1.79,5,REGULAR,REGULAR,NQEX,10305
SUNE,20250717 15:33:02.541000,0,1.77,4,1.79,5,REGULAR,REGULAR,NQEX,10305
SUNE,20250717 15:33:06.538000,0,1.77,4,1.79,5,REGULAR,REGULAR,NQEX,10305
SUNE,20250717 15:33:08.416000,0,1.77,4,1.79,5,REGULAR,REGULAR,NQEX,10305
SUNE,20250717 15:33:14.276000,0,1.77,4,1.79,5,REGULAR,REGULAR,NQEX,10305
SUNE,20250717 15:33:14.297000,0,1.77,4,1.79,3,REGULAR,REGULAR,NQEX,10305
SUNE,20250717 15:33:14.297000,0,1.77,4,1.79,3,REGULAR,REGULAR,NQEX,10305
SUNE,20250717 15:33:14.710000,0,1.77,4,1.79,3,REGULAR,REGULAR,NQEX,10305
SUNE,20250717 15:33:17.775000,0,1.77,4,1.79,3,REGULAR,REGULAR,NQEX,10305
SUNE,20250717 15:33:32.304000,0,1.77,4,1.79,3,REGULAR,REGULAR,NQEX,10305
SUNE,20250717 15:33:32.681000,0,1.77,4,1.79,3,REGULAR,REGULAR,NQEX,10305
SUNE,20250717 15:33:32.928000,0,1.77,4,1.79,3,REGULAR,REGULAR,NQEX,10305
SUNE,20250717 15:33:33.193000,0,1.77,4,1.79,3,REGULAR,REGULAR,NQEX,10305
SUNE,20250717 15:33:33.600000,0,1.77,4,1.79,3,REGULAR,REGULAR,NQEX,10305
SUNE,20250717 15:33:34.596000,0,1.77,4,1.79,3,REGULAR,REGULAR,NQEX,10305
SUNE,20250717 15:33:38.461000,0,1.77,4,1.79,3,REGULAR,REGULAR,NQEX,10305
SUNE,20250717 15:33:40.525000,0,1.77,4,1.79,3,REGULAR,REGULAR,NQEX,10305
SUNE,20250717 15:34:00.059000,0,1.77,4,1.79,3,REGULAR,REGULAR,NQEX,10305
SUNE,20250717 15:34:08.607000,0,1.77,4,1.79,3,REGULAR,REGULAR,NQEX,10305
SUNE,20250717 15:34:08.609000,0,1.77,4,1.79,3,REGULAR,REGULAR,NQEX,10305
SUNE,20250717 15:34:08.609000,0,1.77,4,1.79,3,REGULAR,REGULAR,NQEX,10305
SUNE,20250717 15:34:09.161000,0,1.77,4,1.79,3,REGULAR,REGULAR,NQEX,10305
SUNE,20250717 15:34:09.597000,0,1.77,4,1.79,3,REGULAR,REGULAR,NQEX,10305
SUNE,20250717 15:34:12.458000,0,1.77,4,1.79,3,REGULAR,REGULAR,NQEX,10305
SUNE,20250717 15:34:16.965000,0,1.77,2,1.8,13,REGULAR,REGULAR,NQEX,10247
SUNE,20250717 15:34:19.025000,0,1.77,4,1.8,13,REGULAR,REGULAR,NQEX,10247
SUNE,20250717 15:34:19.035000,0,1.77,4,1.8,13,REGULAR,REGULAR,NQEX,10247
SUNE,20250717 15:34:19.036000,0,1.77,4,1.8,13,REGULAR,REGULAR,NQEX,10247
SUNE,20250717 15:34:25.071000,0,1.77,4,1.8,13,REGULAR,REGULAR,NQEX,10247
SUNE,20250717 15:34:27.229000,0,1.77,4,1.8,13,REGULAR,REGULAR,NQEX,10247
SUNE,20250717 15:34:41.867000,0,1.77,4,1.8,13,REGULAR,REGULAR,NQEX,10247
SUNE,20250717 15:34:54.985000,0,1.77,3,1.8,13,REGULAR,REGULAR,NQEX,10247
SUNE,20250717 15:35:01.133000,0,1.77,3,1.8,13,REGULAR,REGULAR,NQEX,10247
SUNE,20250717 15:35:05.483000,0,1.77,3,1.8,13,REGULAR,REGULAR,NQEX,10247
SUNE,20250717 15:35:24.440000,0,1.77,3,1.8,13,REGULAR,REGULAR,NQEX,10247
SUNE,20250717 15:35:31.431000,0,1.77,3,1.8,13,REGULAR,REGULAR,NQEX,10247
SUNE,20250717 15:35:39.071000,0,1.77,3,1.79,1,REGULAR,REGULAR,NQEX,10241
SUNE,20250717 15:36:08.723000,0,1.77,3,1.79,1,REGULAR,REGULAR,NQEX,10241
SUNE,20250717 15:36:11.164000,0,1.77,3,1.79,1,REGULAR,REGULAR,NQEX,10241
SUNE,20250717 15:36:17.856000,0,1.77,3,1.79,1,REGULAR,REGULAR,NQEX,10241
SUNE,20250717 15:36:27.375000,0,1.78,3,1.8,13,REGULAR,REGULAR,NQEX,10247
SUNE,20250717 15:36:27.375000,0,1.78,3,1.8,13,REGULAR,REGULAR,NQEX,10247
SUNE,20250717 15:36:27.375000,0,1.78,3,1.8,13,REGULAR,REGULAR,NQEX,10247
SUNE,20250717 15:36:27.376000,0,1.79,4,1.8,13,REGULAR,REGULAR,NQEX,10247
SUNE,20250717 15:36:27.376000,0,1.79,4,1.8,13,REGULAR,REGULAR,NQEX,10247
SUNE,20250717 15:36:27.376000,0,1.79,4,1.8,13,REGULAR,REGULAR,NQEX,10247
SUNE,20250717 15:36:27.377000,0,1.79,4,1.8,9,REGULAR,REGULAR,NQEX,10247
SUNE,20250717 15:36:27.377000,0,1.79,4,1.8,9,REGULAR,REGULAR,NQEX,10247
SUNE,20250717 15:36:27.377000,0,1.79,4,1.8,9,REGULAR,REGULAR,NQEX,10247
SUNE,20250717 15:36:27.377000,0,1.79,4,1.8,9,REGULAR,REGULAR,NQEX,10247
SUNE,20250717 15:36:27.377000,0,1.79,4,1.8,9,REGULAR,REGULAR,NQEX,10247
SUNE,20250717 15:36:27.377000,0,1.79,4,1.8,9,REGULAR,REGULAR,NQEX,10247
SUNE,20250717 15:36:27.377000,0,1.79,4,1.8,9,REGULAR,REGULAR,NQEX,10247
SUNE,20250717 15:36:27.377000,0,1.79,4,1.8,9,REGULAR,REGULAR,NQEX,10247
SUNE,20250717 15:36:27.377000,0,1.79,4,1.8,9,REGULAR,REGULAR,NQEX,10247
SUNE,20250717 15:36:27.378000,0,1.79,4,1.8,8,REGULAR,REGULAR,NQEX,10247
SUNE,20250717 15:36:27.379000,0,1.79,4,1.8,7,REGULAR,REGULAR,NQEX,10247
SUNE,20250717 15:36:28.949000,0,1.79,4,1.8,7,REGULAR,REGULAR,NQEX,10247
SUNE,20250717 15:36:29.589000,0,1.79,4,1.8,7,REGULAR,REGULAR,NQEX,10247
SUNE,20250717 15:36:31.061000,0,1.79,4,1.8,6,REGULAR,REGULAR,NQEX,10247
SUNE,20250717 15:36:31.062000,0,1.79,4,1.8,5,REGULAR,REGULAR,NQEX,10247
SUNE,20250717 15:36:34.756000,0,1.79,4,1.8,5,REGULAR,REGULAR,NQEX,10247
SUNE,20250717 15:36:36.586000,0,1.79,4,1.8,5,REGULAR,REGULAR,NQEX,10247
SUNE,20250717 15:36:41.708000,0,1.79,4,1.8,5,REGULAR,REGULAR,NQEX,10247
SUNE,20250717 15:36:46.772000,0,1.79,4,1.8,5,REGULAR,REGULAR,NQEX,10247
SUNE,20250717 15:36:46.772000,0,1.79,4,1.8,5,REGULAR,REGULAR,NQEX,10247
SUNE,20250717 15:36:46.775000,0,1.79,1,1.8,5,REGULAR,REGULAR,NQEX,10247
SUNE,20250717 15:36:46.775000,0,1.79,1,1.8,5,REGULAR,REGULAR,NQEX,10247
SUNE,20250717 15:36:46.775000,0,1.79,1,1.8,5,REGULAR,REGULAR,NQEX,10247
SUNE,20250717 15:36:46.775000,0,1.79,1,1.8,5,REGULAR,REGULAR,NQEX,10247
SUNE,20250717 15:36:46.775000,0,1.79,1,1.8,5,REGULAR,REGULAR,NQEX,10247
SUNE,20250717 15:36:46.776000,0,1.77,2,1.79,2,REGULAR,REGULAR,MIAX,10241
SUNE,20250717 15:36:46.776000,0,1.77,2,1.79,2,REGULAR,REGULAR,MIAX,10241
SUNE,20250717 15:36:52.464000,0,1.78,1,1.79,2,REGULAR,REGULAR,NQEX,10241
SUNE,20250717 15:36:57.724000,0,1.78,3,1.79,2,REGULAR,REGULAR,NQEX,10241
SUNE,20250717 15:36:57.920000,0,1.78,3,1.79,2,REGULAR,REGULAR,NQEX,10241
SUNE,20250717 15:37:00.707000,0,1.78,3,1.79,2,REGULAR,REGULAR,NQEX,10241
SUNE,20250717 15:37:25.808000,0,1.78,3,1.79,2,REGULAR,REGULAR,NQEX,10241
SUNE,20250717 15:37:28.225000,0,1.78,3,1.79,2,REGULAR,REGULAR,NQEX,10241
SUNE,20250717 15:37:29.038000,0,1.78,3,1.79,2,REGULAR,REGULAR,NQEX,10241
SUNE,20250717 15:37:29.039000,0,1.78,3,1.79,2,REGULAR,REGULAR,NQEX,10241
SUNE,20250717 15:37:29.344000,0,1.78,3,1.79,2,REGULAR,REGULAR,NQEX,10241
SUNE,20250717 15:37:31.689000,0,1.78,3,1.79,2,REGULAR,REGULAR,NQEX,10241
SUNE,20250717 15:37:35.026000,0,1.78,3,1.79,2,REGULAR,REGULAR,NQEX,10241
SUNE,20250717 15:37:36.328000,0,1.78,3,1.79,2,REGULAR,REGULAR,NQEX,10241
SUNE,20250717 15:37:50.470000,0,1.78,3,1.79,2,REGULAR,REGULAR,NQEX,10241
SUNE,20250717 15:38:02.328000,0,1.78,2,1.79,2,REGULAR,REGULAR,NQEX,10241
SUNE,20250717 15:38:08.330000,0,1.78,2,1.79,2,REGULAR,REGULAR,IEX,10241
SUNE,20250717 15:38:08.772000,0,1.78,2,1.79,2,REGULAR,REGULAR,IEX,10241
SUNE,20250717 15:38:13.487000,0,1.78,2,1.79,2,REGULAR,REGULAR,IEX,10241
SUNE,20250717 15:38:16.738000,0,1.78,2,1.79,2,REGULAR,REGULAR,IEX,10241
SUNE,20250717 15:38:21.360000,0,1.78,2,1.79,2,REGULAR,REGULAR,IEX,10241
SUNE,20250717 15:38:38.411000,0,1.78,2,1.79,2,REGULAR,REGULAR,IEX,10241
SUNE,20250717 15:38:39.721000,0,1.78,2,1.79,2,REGULAR,REGULAR,IEX,10241
SUNE,20250717 15:38:42.624000,0,1.78,2,1.79,2,REGULAR,REGULAR,IEX,10241
SUNE,20250717 15:38:43.847000,0,1.78,2,1.79,2,REGULAR,REGULAR,IEX,10241
SUNE,20250717 15:38:49.537000,0,1.78,2,1.79,2,REGULAR,REGULAR,IEX,10241
SUNE,20250717 15:38:52.760000,0,1.78,2,1.79,2,REGULAR,REGULAR,IEX,10241
SUNE,20250717 15:39:00.754000,0,1.78,2,1.79,2,REGULAR,REGULAR,IEX,10241
SUNE,20250717 15:39:03.673000,0,1.78,2,1.79,2,REGULAR,REGULAR,IEX,10241
SUNE,20250717 15:39:03.682000,0,1.78,2,1.79,2,REGULAR,REGULAR,IEX,10241
SUNE,20250717 15:39:03.691000,0,1.78,2,1.79,2,REGULAR,REGULAR,IEX,10241
SUNE,20250717 15:39:15.136000,0,1.78,2,1.79,2,REGULAR,REGULAR,IEX,10241
SUNE,20250717 15:39:17.806000,0,1.78,2,1.79,2,REGULAR,REGULAR,IEX,10241
SUNE,20250717 15:39:18.517000,0,1.78,2,1.79,2,REGULAR,REGULAR,IEX,10241
SUNE,20250717 15:39:33.393000,0,1.77,4,1.78,10,REGULAR,REGULAR,NQEX,10313
SUNE,20250717 15:39:36.137000,0,1.77,4,1.78,10,REGULAR,REGULAR,NQEX,10313
SUNE,20250717 15:39:51.603000,0,1.77,3,1.78,19,REGULAR,REGULAR,NQEX,10247
SUNE,20250717 15:39:53.101000,0,1.77,3,1.78,18,REGULAR,REGULAR,NQEX,10247
SUNE,20250717 15:39:56.942000,0,1.77,3,1.78,18,REGULAR,REGULAR,NQEX,10247
SUNE,20250717 15:39:59.008000,0,1.77,3,1.78,18,REGULAR,REGULAR,NQEX,10247
SUNE,20250717 15:40:11.082000,0,1.77,4,1.78,17,REGULAR,REGULAR,NQEX,10247
SUNE,20250717 15:40:17.519000,0,1.77,4,1.78,1,REGULAR,REGULAR,NQEX,10304
SUNE,20250717 15:40:17.886000,0,1.75,2,1.78,2,REGULAR,REGULAR,BATS,10241
SUNE,20250717 15:40:17.886000,0,1.75,2,1.78,2,REGULAR,REGULAR,BATS,10241
SUNE,20250717 15:40:17.886000,0,1.75,2,1.78,2,REGULAR,REGULAR,BATS,10241
SUNE,20250717 15:40:17.886000,0,1.75,2,1.78,2,REGULAR,REGULAR,BATS,10241
SUNE,20250717 15:40:17.886000,0,1.75,2,1.78,2,REGULAR,REGULAR,BATS,10241
SUNE,20250717 15:40:17.886000,0,1.75,2,1.78,2,REGULAR,REGULAR,BATS,10241
SUNE,20250717 15:40:17.886000,0,1.75,2,1.78,2,REGULAR,REGULAR,BATS,10241
SUNE,20250717 15:40:17.886000,0,1.75,2,1.78,2,REGULAR,REGULAR,BATS,10241
SUNE,20250717 15:40:17.886000,0,1.75,2,1.78,2,REGULAR,REGULAR,BATS,10241
SUNE,20250717 15:40:23.160000,0,1.74,7,1.77,3,REGULAR,REGULAR,NQEX,10241
SUNE,20250717 15:40:34.884000,0,1.74,6,1.77,2,REGULAR,REGULAR,NQEX,10241
SUNE,20250717 15:40:39.960000,0,1.74,6,1.77,2,REGULAR,REGULAR,NQEX,10241
SUNE,20250717 15:40:43.094000,0,1.74,6,1.77,2,REGULAR,REGULAR,NQEX,10241
SUNE,20250717 15:40:43.967000,0,1.74,6,1.77,2,REGULAR,REGULAR,NQEX,10241
SUNE,20250717 15:40:51.569000,0,1.74,6,1.77,2,REGULAR,REGULAR,NQEX,10241
SUNE,20250717 15:41:05.806000,0,1.74,6,1.77,2,REGULAR,REGULAR,NQEX,10241
SUNE,20250717 15:41:12.171000,0,1.74,6,1.77,2,REGULAR,REGULAR,NQEX,10241
SUNE,20250717 15:41:12.197000,0,1.74,6,1.77,2,REGULAR,REGULAR,NQEX,10241
SUNE,20250717 15:41:12.198000,0,1.74,6,1.77,2,REGULAR,REGULAR,NQEX,10241
SUNE,20250717 15:41:12.509000,0,1.74,6,1.77,2,REGULAR,REGULAR,NQEX,10241
SUNE,20250717 15:41:13.021000,0,1.74,6,1.77,2,REGULAR,REGULAR,NQEX,10241
SUNE,20250717 15:41:16.937000,0,1.74,6,1.77,2,REGULAR,REGULAR,NQEX,10241
SUNE,20250717 15:41:17.252000,0,1.74,6,1.77,2,REGULAR,REGULAR,NQEX,10241
SUNE,20250717 15:41:50.613000,0,1.74,6,1.77,2,REGULAR,REGULAR,NQEX,10241
SUNE,20250717 15:41:52.585000,0,1.74,6,1.77,2,REGULAR,REGULAR,NQEX,10241
SUNE,20250717 15:41:52.595000,0,1.74,6,1.77,2,REGULAR,REGULAR,NQEX,10241
SUNE,20250717 15:41:52.595000,0,1.74,6,1.77,2,REGULAR,REGULAR,NQEX,10241
SUNE,20250717 15:42:00.641000,0,1.74,6,1.77,2,REGULAR,REGULAR,NQEX,10241
SUNE,20250717 15:42:20.857000,0,1.74,6,1.77,2,REGULAR,REGULAR,NQEX,10241
SUNE,20250717 15:42:48.406000,0,1.74,6,1.77,2,REGULAR,REGULAR,NQEX,10241
SUNE,20250717 15:42:57.394000,0,1.74,6,1.77,2,REGULAR,REGULAR,NQEX,10241
SUNE,20250717 15:42:58.522000,0,1.76,33,1.77,1,REGULAR,REGULAR,BATS,10247
SUNE,20250717 15:42:58.523000,0,1.77,3,1.78,5,REGULAR,REGULAR,NQEX,10247
SUNE,20250717 15:42:58.523000,0,1.77,3,1.78,5,REGULAR,REGULAR,NQEX,10247
SUNE,20250717 15:42:58.523000,0,1.77,3,1.78,5,REGULAR,REGULAR,NQEX,10247
SUNE,20250717 15:42:58.524000,0,1.77,3,1.78,5,REGULAR,REGULAR,NQEX,10247
SUNE,20250717 15:42:58.525000,0,1.76,33,1.78,6,REGULAR,REGULAR,BATS,10247
SUNE,20250717 15:42:58.525000,0,1.76,33,1.78,6,REGULAR,REGULAR,BATS,10247
SUNE,20250717 15:42:58.525000,0,1.76,33,1.78,6,REGULAR,REGULAR,BATS,10247
SUNE,20250717 15:42:58.525000,0,1.76,33,1.78,6,REGULAR,REGULAR,BATS,10247
SUNE,20250717 15:43:00.746000,0,1.76,33,1.77,2,REGULAR,REGULAR,BATS,10241
SUNE,20250717 15:43:01.278000,0,1.76,33,1.77,2,REGULAR,REGULAR,BATS,10241
SUNE,20250717 15:43:01.403000,0,1.76,33,1.77,2,REGULAR,REGULAR,BATS,10241
SUNE,20250717 15:43:01.721000,0,1.76,33,1.77,2,REGULAR,REGULAR,BATS,10241
SUNE,20250717 15:43:09.355000,0,1.76,33,1.77,2,REGULAR,REGULAR,BATS,10241
SUNE,20250717 15:43:09.356000,0,1.76,33,1.77,2,REGULAR,REGULAR,BATS,10241
SUNE,20250717 15:43:12.532000,0,1.76,33,1.77,2,REGULAR,REGULAR,BATS,10241
SUNE,20250717 15:43:14.013000,0,1.76,33,1.77,2,REGULAR,REGULAR,BATS,10241
SUNE,20250717 15:43:15.012000,0,1.76,33,1.77,3,REGULAR,REGULAR,BATS,10241
SUNE,20250717 15:43:15.685000,0,1.76,33,1.77,3,REGULAR,REGULAR,BATS,10241
SUNE,20250717 15:43:17.701000,0,1.76,33,1.77,3,REGULAR,REGULAR,BATS,10241
SUNE,20250717 15:43:31.528000,0,1.76,33,1.77,4,REGULAR,REGULAR,BATS,10241
SUNE,20250717 15:43:44.488000,0,1.76,33,1.77,4,REGULAR,REGULAR,BATS,10241
SUNE,20250717 15:43:49.688000,0,1.76,33,1.77,4,REGULAR,REGULAR,BATS,10241
SUNE,20250717 15:43:50.824000,0,1.76,33,1.77,4,REGULAR,REGULAR,BATS,10241
SUNE,20250717 15:43:52.472000,0,1.76,33,1.77,4,REGULAR,REGULAR,BATS,10241
SUNE,20250717 15:43:52.473000,0,1.76,33,1.77,4,REGULAR,REGULAR,BATS,10241
SUNE,20250717 15:43:57.974000,0,1.76,33,1.77,4,REGULAR,REGULAR,BATS,10241
SUNE,20250717 15:43:58.064000,0,1.76,33,1.77,4,REGULAR,REGULAR,BATS,10241
SUNE,20250717 15:44:01.968000,0,1.76,33,1.77,3,REGULAR,REGULAR,BATS,10241
SUNE,20250717 15:44:23.492000,0,1.76,33,1.77,3,REGULAR,REGULAR,BATS,10241
SUNE,20250717 15:44:40.641000,0,1.76,1,1.77,3,REGULAR,REGULAR,NQEX,10241
SUNE,20250717 15:44:40.935000,0,1.76,1,1.77,3,REGULAR,REGULAR,NQEX,10241
SUNE,20250717 15:44:40.949000,0,1.75,2,1.76,5,REGULAR,REGULAR,BATS,10241
SUNE,20250717 15:44:40.949000,0,1.75,2,1.76,5,REGULAR,REGULAR,BATS,10241
SUNE,20250717 15:44:40.949000,0,1.75,2,1.76,5,REGULAR,REGULAR,BATS,10241
SUNE,20250717 15:44:40.950000,0,1.75,1,1.76,5,REGULAR,REGULAR,PACF,10241
SUNE,20250717 15:44:40.951000,0,1.75,1,1.76,5,REGULAR,REGULAR,PACF,10241
SUNE,20250717 15:44:40.951000,0,1.75,1,1.76,5,REGULAR,REGULAR,PACF,10241
SUNE,20250717 15:45:06.011000,0,1.75,6,1.76,1,REGULAR,REGULAR,MEMX,10241
SUNE,20250717 15:45:06.017000,0,1.75,6,1.76,1,REGULAR,REGULAR,MEMX,10241
SUNE,20250717 15:45:07.672000,0,1.75,6,1.76,1,REGULAR,REGULAR,MEMX,10241
SUNE,20250717 15:45:14.189000,0,1.75,6,1.76,1,REGULAR,REGULAR,MEMX,10241
SUNE,20250717 15:45:29.040000,0,1.75,5,1.76,1,REGULAR,REGULAR,MEMX,10241
SUNE,20250717 15:45:38.884000,0,1.75,5,1.76,1,REGULAR,REGULAR,MEMX,10241
SUNE,20250717 15:45:39.139000,0,1.75,5,1.76,1,REGULAR,REGULAR,MEMX,10241
SUNE,20250717 15:45:39.752000,0,1.75,2,1.76,1,REGULAR,REGULAR,IEX,10241
SUNE,20250717 15:45:39.899000,0,1.75,2,1.76,1,REGULAR,REGULAR,IEX,10241
SUNE,20250717 15:45:40.028000,0,1.75,2,1.76,1,REGULAR,REGULAR,IEX,10241
SUNE,20250717 15:45:45.639000,0,1.75,2,1.76,1,REGULAR,REGULAR,IEX,10241
SUNE,20250717 15:45:53.201000,0,1.75,2,1.76,1,REGULAR,REGULAR,IEX,10241
SUNE,20250717 15:46:19.641000,0,1.75,2,1.76,31,REGULAR,REGULAR,IEX,10305
SUNE,20250717 15:46:30.664000,0,1.75,2,1.76,31,REGULAR,REGULAR,IEX,10305
SUNE,20250717 15:46:32.590000,0,1.75,2,1.76,31,REGULAR,REGULAR,IEX,10305
SUNE,20250717 15:46:32.880000,0,1.74,2,1.75,2,REGULAR,REGULAR,IEX,10241
SUNE,20250717 15:46:32.880000,0,1.74,2,1.75,2,REGULAR,REGULAR,IEX,10241
SUNE,20250717 15:46:32.880000,0,1.74,2,1.75,2,REGULAR,REGULAR,IEX,10241
SUNE,20250717 15:46:32.881000,0,1.73,2,1.75,3,REGULAR,REGULAR,IEX,10241
SUNE,20250717 15:46:33.707000,0,1.72,2,1.75,1,REGULAR,REGULAR,IEX,10247
SUNE,20250717 15:46:52.834000,0,1.73,2,1.75,2,REGULAR,REGULAR,IEX,10247
SUNE,20250717 15:46:53.492000,0,1.73,2,1.76,30,REGULAR,REGULAR,IEX,10305
SUNE,20250717 15:46:53.493000,0,1.73,2,1.76,30,REGULAR,REGULAR,IEX,10305
SUNE,20250717 15:47:34.714000,0,1.73,2,1.75,1,REGULAR,REGULAR,IEX,10247
SUNE,20250717 15:47:47.732000,0,1.73,2,1.75,1,REGULAR,REGULAR,IEX,10247
SUNE,20250717 15:47:47.766000,0,1.73,2,1.75,1,REGULAR,REGULAR,IEX,10247
SUNE,20250717 15:47:48.103000,0,1.73,2,1.75,1,REGULAR,REGULAR,IEX,10247
SUNE,20250717 15:48:16.086000,0,1.73,2,1.75,1,REGULAR,REGULAR,IEX,10247
SUNE,20250717 15:49:02.772000,0,1.73,2,1.75,1,REGULAR,REGULAR,IEX,10247
SUNE,20250717 15:50:18.120000,0,1.73,2,1.75,1,REGULAR,REGULAR,IEX,10247
SUNE,20250717 15:51:05.083000,0,1.73,2,1.75,1,REGULAR,REGULAR,PACF,10247
SUNE,20250717 15:51:08.571000,0,1.73,2,1.75,1,REGULAR,REGULAR,PACF,10247
SUNE,20250717 15:51:16.917000,0,1.73,2,1.75,1,REGULAR,REGULAR,PACF,10247
SUNE,20250717 15:51:38.730000,0,1.73,2,1.75,1,REGULAR,REGULAR,PACF,10247
SUNE,20250717 15:51:39.392000,0,1.73,2,1.75,1,REGULAR,REGULAR,PACF,10247
SUNE,20250717 15:51:39.990000,0,1.73,2,1.75,1,REGULAR,REGULAR,PACF,10247
SUNE,20250717 15:52:02.473000,0,1.73,2,1.75,1,REGULAR,REGULAR,PACF,10247
SUNE,20250717 15:52:16.544000,0,1.73,2,1.75,1,REGULAR,REGULAR,PACF,10247
SUNE,20250717 15:52:38.020000,0,1.73,2,1.75,1,REGULAR,REGULAR,IEX,10308
SUNE,20250717 15:53:06.826000,0,1.73,2,1.75,1,REGULAR,REGULAR,IEX,10308
SUNE,20250717 15:53:08.645000,0,1.73,2,1.75,1,REGULAR,REGULAR,IEX,10308
SUNE,20250717 15:53:50.510000,0,1.73,2,1.75,1,REGULAR,REGULAR,IEX,10308
SUNE,20250717 15:54:13.336000,0,1.73,2,1.75,1,REGULAR,REGULAR,IEX,10247
SUNE,20250717 15:55:26.786000,0,1.73,2,1.75,1,REGULAR,REGULAR,PACF,10247
SUNE,20250717 15:55:35.674000,0,1.73,2,1.75,1,REGULAR,REGULAR,PACF,10247
SUNE,20250717 15:55:43.121000,0,1.73,2,1.75,1,REGULAR,REGULAR,PACF,10247
SUNE,20250717 15:55:51.331000,0,1.74,2,1.76,30,REGULAR,REGULAR,PACF,10305
SUNE,20250717 15:55:53.221000,0,1.75,2,1.76,30,REGULAR,REGULAR,IEX,10305
SUNE,20250717 15:55:53.221000,0,1.75,2,1.76,30,REGULAR,REGULAR,IEX,10305
SUNE,20250717 15:55:55.130000,0,1.75,3,1.76,8,REGULAR,REGULAR,NQEX,10305
SUNE,20250717 15:55:55.130000,0,1.75,3,1.76,8,REGULAR,REGULAR,NQEX,10305
SUNE,20250717 15:55:55.130000,0,1.75,3,1.76,8,REGULAR,REGULAR,NQEX,10305
SUNE,20250717 15:55:55.130000,0,1.75,3,1.76,8,REGULAR,REGULAR,NQEX,10305
SUNE,20250717 15:55:55.131000,0,1.77,5,1.78,1,REGULAR,REGULAR,NQEX,10300
SUNE,20250717 15:55:55.131000,0,1.77,5,1.78,1,REGULAR,REGULAR,NQEX,10300
SUNE,20250717 15:55:55.131000,0,1.77,5,1.78,1,REGULAR,REGULAR,NQEX,10300
SUNE,20250717 15:55:55.131000,0,1.77,5,1.78,1,REGULAR,REGULAR,NQEX,10300
SUNE,20250717 15:55:55.131000,0,1.77,5,1.78,1,REGULAR,REGULAR,NQEX,10300
SUNE,20250717 15:55:55.131000,0,1.77,5,1.78,1,REGULAR,REGULAR,NQEX,10300
SUNE,20250717 15:55:55.132000,0,1.77,5,1.78,1,REGULAR,REGULAR,NQEX,10300
SUNE,20250717 15:55:55.133000,0,1.77,5,1.78,1,REGULAR,REGULAR,NQEX,10300
SUNE,20250717 15:55:55.134000,0,1.77,5,1.78,1,REGULAR,REGULAR,NQEX,10300
SUNE,20250717 15:55:55.181000,0,1.77,1,1.79,5,REGULAR,REGULAR,NQEX,10247
SUNE,20250717 15:56:12.387000,0,1.75,2,1.79,5,REGULAR,REGULAR,IEX,10247
SUNE,20250717 15:56:17.800000,0,1.75,2,1.78,2,REGULAR,REGULAR,IEX,10308
SUNE,20250717 15:56:29.843000,0,1.75,2,1.78,1,REGULAR,REGULAR,IEX,10241
SUNE,20250717 15:56:31.408000,0,1.75,2,1.78,1,REGULAR,REGULAR,IEX,10241
SUNE,20250717 15:57:08.506000,0,1.75,2,1.76,5,REGULAR,REGULAR,NQEX,10241
SUNE,20250717 15:57:08.506000,0,1.75,2,1.76,5,REGULAR,REGULAR,NQEX,10241
SUNE,20250717 15:57:09.982000,0,1.75,2,1.76,5,REGULAR,REGULAR,NQEX,10241
SUNE,20250717 15:57:10.649000,0,1.75,2,1.76,5,REGULAR,REGULAR,NQEX,10241
SUNE,20250717 15:57:25.257000,0,1.75,2,1.76,6,REGULAR,REGULAR,NQEX,10241
SUNE,20250717 15:57:59.120000,0,1.75,2,1.76,7,REGULAR,REGULAR,NQEX,10241
SUNE,20250717 15:58:00.211000,0,1.76,2,1.77,3,REGULAR,REGULAR,NQEX,10241
SUNE,20250717 15:58:00.211000,0,1.76,2,1.77,3,REGULAR,REGULAR,NQEX,10241
SUNE,20250717 15:58:00.211000,0,1.76,2,1.77,3,REGULAR,REGULAR,NQEX,10241
SUNE,20250717 15:58:00.211000,0,1.76,2,1.77,3,REGULAR,REGULAR,NQEX,10241
SUNE,20250717 15:58:00.211000,0,1.76,2,1.77,3,REGULAR,REGULAR,NQEX,10241
SUNE,20250717 15:58:00.211000,0,1.76,2,1.77,3,REGULAR,REGULAR,NQEX,10241
SUNE,20250717 15:58:00.211000,0,1.76,2,1.77,3,REGULAR,REGULAR,NQEX,10241
SUNE,20250717 15:58:00.211000,0,1.76,2,1.77,3,REGULAR,REGULAR,NQEX,10241
SUNE,20250717 15:58:00.211000,0,1.76,2,1.77,3,REGULAR,REGULAR,NQEX,10241
SUNE,20250717 15:58:00.211000,0,1.76,2,1.77,3,REGULAR,REGULAR,NQEX,10241
SUNE,20250717 15:58:00.211000,0,1.76,2,1.77,3,REGULAR,REGULAR,NQEX,10241
SUNE,20250717 15:58:00.211000,0,1.76,2,1.77,3,REGULAR,REGULAR,NQEX,10241
SUNE,20250717 15:58:00.211000,0,1.76,2,1.77,3,REGULAR,REGULAR,NQEX,10241
SUNE,20250717 15:58:00.211000,0,1.76,2,1.77,3,REGULAR,REGULAR,NQEX,10241
SUNE,20250717 15:58:00.211000,0,1.76,2,1.77,3,REGULAR,REGULAR,NQEX,10241
SUNE,20250717 15:58:00.211000,0,1.76,2,1.77,3,REGULAR,REGULAR,NQEX,10241
SUNE,20250717 15:58:00.211000,0,1.76,2,1.77,3,REGULAR,REGULAR,NQEX,10241
SUNE,20250717 15:58:00.211000,0,1.76,2,1.77,3,REGULAR,REGULAR,NQEX,10241
SUNE,20250717 15:58:00.211000,0,1.76,2,1.77,3,REGULAR,REGULAR,NQEX,10241
SUNE,20250717 15:58:00.211000,0,1.76,2,1.77,3,REGULAR,REGULAR,NQEX,10241
SUNE,20250717 15:58:00.211000,0,1.76,2,1.77,3,REGULAR,REGULAR,NQEX,10241
SUNE,20250717 15:58:00.211000,0,1.76,2,1.77,3,REGULAR,REGULAR,NQEX,10241
SUNE,20250717 15:58:00.211000,0,1.76,2,1.77,3,REGULAR,REGULAR,NQEX,10241
SUNE,20250717 15:58:00.211000,0,1.76,2,1.77,3,REGULAR,REGULAR,NQEX,10241
SUNE,20250717 15:58:00.211000,0,1.76,2,1.77,3,REGULAR,REGULAR,NQEX,10241
SUNE,20250717 15:58:00.211000,0,1.76,2,1.77,3,REGULAR,REGULAR,NQEX,10241
SUNE,20250717 15:58:00.211000,0,1.76,2,1.77,3,REGULAR,REGULAR,NQEX,10241
SUNE,20250717 15:58:00.211000,0,1.76,2,1.77,3,REGULAR,REGULAR,NQEX,10241
SUNE,20250717 15:58:00.211000,0,1.76,2,1.77,3,REGULAR,REGULAR,NQEX,10241
SUNE,20250717 15:58:00.211000,0,1.76,2,1.77,3,REGULAR,REGULAR,NQEX,10241
SUNE,20250717 15:58:00.211000,0,1.76,2,1.77,3,REGULAR,REGULAR,NQEX,10241
SUNE,20250717 15:58:00.211000,0,1.76,2,1.77,3,REGULAR,REGULAR,NQEX,10241
SUNE,20250717 15:58:00.211000,0,1.76,2,1.77,3,REGULAR,REGULAR,NQEX,10241
SUNE,20250717 15:58:00.211000,0,1.76,2,1.77,3,REGULAR,REGULAR,NQEX,10241
SUNE,20250717 15:58:00.211000,0,1.76,2,1.77,3,REGULAR,REGULAR,NQEX,10241
SUNE,20250717 15:58:00.211000,0,1.76,2,1.77,3,REGULAR,REGULAR,NQEX,10241
SUNE,20250717 15:58:00.211000,0,1.76,2,1.77,3,REGULAR,REGULAR,NQEX,10241
SUNE,20250717 15:58:00.211000,0,1.76,2,1.77,3,REGULAR,REGULAR,NQEX,10241
SUNE,20250717 15:58:00.211000,0,1.76,2,1.77,3,REGULAR,REGULAR,NQEX,10241
SUNE,20250717 15:58:00.211000,0,1.76,2,1.77,3,REGULAR,REGULAR,NQEX,10241
SUNE,20250717 15:58:00.211000,0,1.76,2,1.77,3,REGULAR,REGULAR,NQEX,10241
SUNE,20250717 15:58:00.211000,0,1.76,2,1.77,3,REGULAR,REGULAR,NQEX,10241
SUNE,20250717 15:58:00.211000,0,1.76,2,1.77,3,REGULAR,REGULAR,NQEX,10241
SUNE,20250717 15:58:00.211000,0,1.76,2,1.77,3,REGULAR,REGULAR,NQEX,10241
SUNE,20250717 15:58:01.162000,0,1.75,3,1.77,3,REGULAR,REGULAR,IEX,10241
SUNE,20250717 15:58:08.416000,0,1.75,3,1.77,4,REGULAR,REGULAR,IEX,10241
SUNE,20250717 15:58:08.420000,0,1.75,3,1.77,4,REGULAR,REGULAR,IEX,10241
SUNE,20250717 15:58:09.030000,0,1.75,3,1.77,4,REGULAR,REGULAR,IEX,10241
SUNE,20250717 15:58:09.030000,0,1.75,3,1.77,4,REGULAR,REGULAR,IEX,10241
SUNE,20250717 15:58:09.030000,0,1.75,3,1.77,4,REGULAR,REGULAR,IEX,10241
SUNE,20250717 15:58:09.030000,0,1.75,3,1.77,4,REGULAR,REGULAR,IEX,10241
SUNE,20250717 15:58:30.433000,0,1.75,2,1.77,4,REGULAR,REGULAR,IEX,10241
SUNE,20250717 15:58:30.442000,0,1.75,2,1.77,4,REGULAR,REGULAR,IEX,10241
SUNE,20250717 15:58:30.442000,0,1.75,2,1.77,4,REGULAR,REGULAR,IEX,10241
SUNE,20250717 15:58:30.442000,0,1.75,2,1.77,4,REGULAR,REGULAR,IEX,10241
SUNE,20250717 15:58:30.448000,0,1.75,2,1.77,1,REGULAR,REGULAR,IEX,10241
SUNE,20250717 15:58:30.448000,0,1.75,2,1.77,1,REGULAR,REGULAR,IEX,10241
SUNE,20250717 15:58:30.448000,0,1.75,2,1.77,1,REGULAR,REGULAR,IEX,10241
SUNE,20250717 15:58:44.584000,0,1.75,2,1.77,1,REGULAR,REGULAR,IEX,10241
SUNE,20250717 15:58:59.308000,0,1.75,2,1.77,1,REGULAR,REGULAR,IEX,10241
SUNE,20250717 15:58:59.308000,0,1.75,2,1.77,1,REGULAR,REGULAR,IEX,10241
SUNE,20250717 15:58:59.310000,0,1.76,5,1.78,4,REGULAR,REGULAR,NQEX,10241
SUNE,20250717 15:58:59.310000,0,1.76,5,1.78,4,REGULAR,REGULAR,NQEX,10241
SUNE,20250717 15:58:59.310000,0,1.76,5,1.78,4,REGULAR,REGULAR,NQEX,10241
SUNE,20250717 15:58:59.310000,0,1.76,5,1.78,4,REGULAR,REGULAR,NQEX,10241
SUNE,20250717 15:59:11.272000,0,1.75,2,1.78,8,REGULAR,REGULAR,IEX,10241
SUNE,20250717 15:59:32.357000,0,1.75,2,1.78,7,REGULAR,REGULAR,IEX,10241
SUNE,20250717 15:59:32.358000,0,1.75,2,1.78,7,REGULAR,REGULAR,IEX,10241
SUNE,20250717 15:59:32.388000,0,1.75,2,1.78,7,REGULAR,REGULAR,IEX,10241
SUNE,20250717 15:59:32.416000,0,1.75,2,1.78,7,REGULAR,REGULAR,IEX,10241
SUNE,20250717 15:59:32.455000,0,1.75,2,1.78,7,REGULAR,REGULAR,IEX,10241
SUNE,20250717 15:59:32.461000,0,1.75,2,1.78,7,REGULAR,REGULAR,IEX,10241
SUNE,20250717 15:59:49.304000,0,1.75,2,1.77,1,REGULAR,REGULAR,IEX,10241
SUNE,20250717 15:59:49.304000,0,1.75,2,1.77,1,REGULAR,REGULAR,IEX,10241
SUNE,20250717 15:59:50.616000,0,1.75,2,1.77,1,REGULAR,REGULAR,IEX,10241
SUNE,20250717 15:59:52.765000,0,1.76,2,1.78,3,REGULAR,REGULAR,NQEX,10241
SUNE,20250717 15:59:52.765000,0,1.76,2,1.78,3,REGULAR,REGULAR,NQEX,10241
SUNE,20250717 15:59:52.765000,0,1.76,2,1.78,3,REGULAR,REGULAR,NQEX,10241
SUNE,20250717 15:59:52.765000,0,1.76,2,1.78,3,REGULAR,REGULAR,NQEX,10241
SUNE,20250717 15:59:52.765000,0,1.76,2,1.78,3,REGULAR,REGULAR,NQEX,10241
SUNE,20250717 15:59:55.108000,0,1.76,4,1.78,3,REGULAR,REGULAR,NQEX,10241
SUNE,20250717 16:00:00.065000,0,1.76,3,1.78,3,REGULAR,REGULAR,NQEX,10241
SUNE,20250717 16:00:00.114000,0,1.76,2,1.78,3,REGULAR,REGULAR,NQEX,10241
SUNE,20250717 16:00:00.114000,0,1.76,2,1.78,3,REGULAR,REGULAR,NQEX,10241
SUNE,20250717 16:00:41.437000,0,1.68,1,1.8,6,REGULAR,REGULAR,NQEX,10241
SUNE,20250717 16:01:09.114000,0,1.68,1,1.8,6,REGULAR,REGULAR,PACF,10241
SUNE,20250717 16:01:16.539000,0,1.68,1,1.8,4,REGULAR,REGULAR,PACF,10241
SUNE,20250717 16:03:44.478000,0,1.68,3,1.77,2,REGULAR,REGULAR,PACF,10241
SUNE,20250717 16:04:03.584000,0,1.68,3,1.77,2,REGULAR,REGULAR,PACF,10241
SUNE,20250717 16:05:26.511000,0,1.7,5,1.77,2,REGULAR,REGULAR,BATS,10241
SUNE,20250717 16:06:35.963000,0,1.7,5,1.77,2,REGULAR,REGULAR,BATS,10241
SUNE,20250717 16:11:47.072000,0,1.7,5,1.77,2,REGULAR,REGULAR,BATS,10241
SUNE,20250717 16:11:47.072000,0,1.7,5,1.77,2,REGULAR,REGULAR,BATS,10241
SUNE,20250717 16:12:34.833000,0,1.71,1,1.77,2,REGULAR,REGULAR,EDGX,10241
SUNE,20250717 16:12:34.833000,0,1.71,1,1.77,2,REGULAR,REGULAR,EDGX,10241
SUNE,20250717 16:12:34.835000,0,1.71,1,1.77,2,REGULAR,REGULAR,NQEX,10241
SUNE,20250717 16:13:45.133000,0,1.7,5,1.76,3,REGULAR,REGULAR,BATS,10305
SUNE,20250717 16:15:18.174000,0,1.7,5,1.76,3,REGULAR,REGULAR,BATS,10305
SUNE,20250717 16:15:31.146000,0,1.7,5,1.76,3,REGULAR,REGULAR,BATS,10305
SUNE,20250717 16:17:42.989000,0,1.7,5,1.77,2,REGULAR,REGULAR,BATS,10241
SUNE,20250717 16:17:42.989000,0,1.7,5,1.77,2,REGULAR,REGULAR,BATS,10241
SUNE,20250717 16:17:42.989000,0,1.7,5,1.77,2,REGULAR,REGULAR,BATS,10241
SUNE,20250717 16:20:23.858000,0,1.7,5,1.77,2,REGULAR,REGULAR,BATS,10241
SUNE,20250717 16:20:51.343000,0,1.7,5,1.77,2,REGULAR,REGULAR,BATS,10241
SUNE,20250717 16:22:49.221000,0,1.7,5,1.77,2,REGULAR,REGULAR,BATS,10241
SUNE,20250717 16:23:01.129000,0,1.7,5,1.77,2,REGULAR,REGULAR,BATS,10241
SUNE,20250717 16:23:57.654000,0,1.7,5,1.77,2,REGULAR,REGULAR,BATS,10241
SUNE,20250717 16:25:04.925000,0,1.7,5,1.77,8,REGULAR,REGULAR,BATS,10247
SUNE,20250717 16:26:15.134000,0,1.7,5,1.77,8,REGULAR,REGULAR,BATS,10247
SUNE,20250717 16:27:06.748000,0,1.7,5,1.77,9,REGULAR,REGULAR,BATS,10247
SUNE,20250717 16:27:23.445000,0,1.7,5,1.77,9,REGULAR,REGULAR,BATS,10247
SUNE,20250717 16:33:15.709000,0,1.7,5,1.77,8,REGULAR,REGULAR,BATS,10247
SUNE,20250717 16:33:29.144000,0,1.76,8,1.77,8,REGULAR,REGULAR,PACF,10247
SUNE,20250717 16:33:46.506000,0,1.7,5,1.77,8,REGULAR,REGULAR,BATS,10247
SUNE,20250717 16:34:08.219000,0,1.7,5,1.77,8,REGULAR,REGULAR,BATS,10247
SUNE,20250717 16:36:37.310000,0,1.7,5,1.77,8,REGULAR,REGULAR,BATS,10247
SUNE,20250717 16:36:37.310000,0,1.7,5,1.77,8,REGULAR,REGULAR,BATS,10247
SUNE,20250717 16:37:28.420000,0,1.7,5,1.77,8,REGULAR,REGULAR,BATS,10247
SUNE,20250717 16:37:29.213000,0,1.7,5,1.77,8,REGULAR,REGULAR,BATS,10247
SUNE,20250717 16:39:00.690000,0,1.7,5,1.77,8,REGULAR,REGULAR,BATS,10247
SUNE,20250717 16:44:41.638000,0,1.71,2,1.77,9,REGULAR,REGULAR,PACF,10247
SUNE,20250717 16:57:41.068000,0,1.71,10,1.77,9,REGULAR,REGULAR,MEMX,10247
SUNE,20250717 17:03:37.434000,0,1.71,10,1.77,9,REGULAR,REGULAR,MEMX,10247
SUNE,20250717 17:05:17.044000,0,1.71,10,1.77,9,REGULAR,REGULAR,MEMX,10247
SUNE,20250717 17:06:40.069000,0,1.71,10,1.77,9,REGULAR,REGULAR,MEMX,10247
SUNE,20250717 17:09:31.385000,0,1.72,10,1.77,9,REGULAR,REGULAR,EDGX,10247
SUNE,20250717 17:09:31.385000,0,1.72,10,1.77,9,REGULAR,REGULAR,EDGX,10247
SUNE,20250717 17:09:31.385000,0,1.72,10,1.77,9,REGULAR,REGULAR,EDGX,10247
SUNE,20250717 17:15:10.405000,0,1.72,10,1.77,9,REGULAR,REGULAR,EDGX,10247
SUNE,20250717 17:16:09.518000,0,1.72,10,1.77,9,REGULAR,REGULAR,EDGX,10247
SUNE,20250717 17:16:53.033000,0,1.73,5,1.77,5,REGULAR,REGULAR,EDGX,10241
SUNE,20250717 17:16:53.033000,0,1.73,5,1.77,5,REGULAR,REGULAR,EDGX,10241
SUNE,20250717 17:16:53.033000,0,1.73,5,1.77,5,REGULAR,REGULAR,EDGX,10241
